2800 4567
225 241 228 248 ¹
312 260 375 339 IN
399 255 772 357 mammon
809 253 1043 345 nontin
1155 283 1223 370 τος

158 432 210 525 gir
232 427 297 500 dier
320 431 427 499 viciare
459 428 572 515 aaa,
594 427 724 521 prohibe
745 429 889 522 linguam
911 446 1035 514 trrm‘a
1053 431 1131 504 maia
1146 440 1163 514 ‚'
1183 434 1225 513 σ
1292 457 1294 463 ·

159 532 248 606 labia
267 544 326 600 tua
347 551 391 597 nr
407 530 579 623 loquamur
603 530 713 603 dolum.
766 532 906 603 Doara
930 558 950 602 a
972 533 1077 619 malo,
1105 530 1144 609 ὅ
1162 539 1224 626 fac

160 632 286 700 bonum.
338 627 408 701 Hic
425 645 542 700 autem
560 626 733 701 Servatur
749 631 803 720 ei,
830 633 888 720 qui
909 630 1017 704 dixit:
1043 636 1133 725 Quid
1149 638 1225 705 iana·
1270 645 1280 654 '

159 728 300 826 sarim,
320 746 358 799 ut
373 728 498 804 habeam
513 737 617 797 viram
635 736 803 799 aternam?
829 730 879 801 ita
894 730 1099 824 respondit,
1126 734 1222 825 quasi

162 829 301 906 bunum
327 828 473 922 proprie
501 823 629 900 ditium
663 828 706 900 ad
734 848 843 902 unum
874 831 989 904 Deum
1021 834 1222 924 pertineat:

158 931 256 1022 Quiri
274 952 321 996 me
340 932 515 1019 interrogas
530 932 564 997 de
586 925 694 997 bana?
726 953 809 997 uuus
829 928 869 1025 ιβ
893 928 1001 1006 ianas.
1053 931 1107 1009 At
1126 952 1219 1006 vero

162 1026 342 1103 sciendum
356 1025 407 1100 est
421 1028 554 1100 bonum
566 1029 713 1119 proprie
730 1026 858 1102 ditium
878 1029 1035 1103 soliDeo
1048 1031 1106 1105 hic
1121 1034 1223 1104 attri-

163 1129 244 1202 buit
270 1127 353 1198 aliaa
379 1146 469 1199 vero
492 1127 636 1199 abusive
663 1140 735 1200 tam
758 1129 927 1219 operibus
956 1131 1087 1221 bonis,
1113 1151 1220 1222 quam
1316 1158 1318 1161 ’

152 1226 301 1325 ιῙιοιηίῐιὶ
318 1229 440 1314 bono,
457 1226 621 1297 &arbori
634 1226 759 1315 bonae3
786 1230 910 1300 multia·
922 1250 1011 1302 vero
1023 1234 1127 1303 etiam
1144 1232 1220 1305 aliis

162 1325 299 1400 bonum
324 1322 533 1419 adscriptum
554 1325 689 1402 videas.
739 1325 888 1400 Minime
911 1348 999 1424 ergo
1026 1333 1224 1405 existiman·

163 1427 246 1500 dum
274 1422 325 1499 est
347 1427 460 1497 verba
483 1428 579 1498 haec:
619 1431 686 1500 Far.
705 1430 834 1512 ianam,
859 1448 947 1500 eum
968 1429 1021 1501 his
1043 1449 1222 1524 pugnaret

164 1527 254 1619 Quid
273 1549 320 1595 ma
332 1530 506 1617 interrogas
523 1531 556 1594 rie
570 1520 669 1597 baua?
694 1550 774 1596 una«
794 1528 832 1621 esi
849 1526 964 1619 bouus,
991 1549 1067 1619 quae
1080 1532 1112 1601 ei
1132 1529 1225 1603 ditia
1260 1546 1262 1550 ’

164 1626 271 1707 sunt,
303 1626 362 1715 qui
386 1625 609 1720 interrogans
637 1627 713 1698 ait:
749 1627 901 1718 Magister
928 1626 1022 1713 bana,
1048 1633 1124 1723 qaia
1151 1630 1224 1701 bani
1287 1630 1288 1633 ’

160 1722 309 1821 sariam?
340 1724 516 1796 Mathaeus
540 1727 632 1798 euim
649 1723 781 1819 scripsit
802 1725 895 1817 quafi
923 1726 967 1798 de
990 1730 1092 1800 bono
1109 1747 1224 1819 opere

165 1826 424 1921 interrogatum
441 1821 539 1895 fuiiie
553 1823 782 1898 Servatorem
803 1828 1010 1918 hiaverint,
1037 1830 1124 1919 Quid
1148 1830 1224 1897 ram·

162 1926 311 2019 faciam?
345 1924 492 1995 Marcus
508 1938 627 1996 autem
653 1923 687 1995 δι
709 1922 825 1997 Lucas
850 1924 1079 1999 servatorem
1102 1926 1224 2000 dixiffe

166 2025 354 2099 referunt:
379 2024 455 2121 quid
480 2048 527 2092 me
550 2025 629 2092 dicis
646 2021 785 2093 bortum?
809 2016 897 2096 merua·
912 2027 1027 2113 bonus,
1053 2029 1112 2121 nr'fi
1137 2051 1224 2098 unus

149 2132 280 2212 ,Darsa
306 2121 397 2196 adeo
413 2133 453 2194 ut
473 2123 691 2198 vocabulum
706 2121 813 2214 iliud,
839 2125 950 2211 ianas,
976 2124 1061 2197 Deo
1078 2130 1226 2198 attribu-

168 2239 263 2305 tum,
291 2223 347 2293 alii
372 2238 542 2316 praeterea
560 2223 648 2295 nulli
673 2224 935 2298 attribuendum
953 2223 1016 2298 iit:
1049 2227 1227 2299 necenim

170 2325 471 2418 quatenuabonus
488 2320 539 2394 est
553 2322 676 2412 Deus,
704 2337 850 2396 eatenus
874 2324 942 2396 dici
966 2339 1089 2415 queat:
1125 2330 1227 2397 Homo

171 2430 290 2511 bouus,
317 2424 353 2493 de
374 2425 449 2492 bono
464 2421 608 2520 thesauro
624 2422 784 2519 proferens
808 2430 930 2499 bonum.
982 2425 1030 2495 Et
1051 2425 1226 2497 Servatur

171 2526 310 2618 quidem
333 2521 626 2612 quamadmodum
647 2519 697 2595 est
711 2524 828 2618 imago
846 2523 914 2595 Dei
934 2524 1141 2620 invisibilis,
1176 2527 1228 2598 ita

172 2625 205 2697 ὄῐ
228 2631 327 2715 imago
340 2625 493 2691 bonitatis
506 2624 593 2691 illias
609 2623 667 2718 esti
703 2621 768 2694 alia
789 2621 839 2694 est
857 2638 971 2694 autem
987 2625 1091 2695 vocis
1106 2623 1227 2713 hujus:

172 2726 314 2808 murm,
338 2717 567 2818 significatio,
595 2740 673 2793 cum
693 2721 856 2794 inferiori
873 2724 987 2794 cuivis
1006 2726 1227 2813 applicatur:

170 2821 327 2900 simodo
346 2819 503 2915 respeiiu
524 2818 661 2906 Patris,
695 2821 814 2915 imago
845 2821 895 2894 est
912 2823 1084 2916 bonitatis
1101 2822 1228 2913 ipsius,

172 2922 307 2996 &eam
334 2920 441 3019 habet
470 2939 551 3015 erga
576 2920 711 3009 reliqua
741 2922 859 2993 omnia
892 2920 1093 3010 rationem,
1120 2940 1227 3010 quam

171 3023 314 3098 bonitas
340 3020 452 3094 Patris
480 3040 561 3116 erga
579 3017 710 3110 ipsum,
737 3022 795 3092 vei
816 3019 920 3093 etiam
950 3020 1229 3113 proportionem

174 3125 344 3215 quandam
365 3116 501 3193 affinem
525 3139 578 3192 ma
605 3118 632 3191 is
660 3120 693 3191 &
717 3120 952 3216 propinquam
969 3119 1063 3196 inter
1086 3120 1229 3191 bonita-

173 3235 243 3297 tem
272 3220 371 3312 Dei,
397 3216 555 3312 respectu
603 3218 673 3311 alii,
694 3219 760 3312 qai
787 3220 958 3293 bonitatis
979 3217 1083 3312 ipsius
1110 3218 1228 3314 imago

173 3320 243 3415 est,
280 3315 472 3393 observare
494 3320 602 3409 licet,
637 3338 741 3409 quam
766 3318 969 3391 servatoris
989 3315 1147 3410 respeou
1162 3319 1230 3392 ho·

173 3424 274 3498 ninia
288 3420 397 3507 boni,
424 3420 484 3496 vei
502 3414 589 3490 boni
605 3424 745 3511 operis,
772 3419 829 3491 vel
850 3419 985 3491 arboris
1004 3420 1130 3490 bona:
1147 3418 1228 3510 plut

174 3521 307 3596 etenim
332 3515 559 3593 inferioribus
585 3520 691 3592 bonit
719 3518 892 3591 Servatur
917 3516 1079 3611 prestat,
1107 3533 1235 3608 qnare·-

173 3640 239 3702 uus
256 3622 374 3715 imago
393 3617 442 3693 est
463 3620 634 3701 bonitatis
652 3618 721 3690 Dei
737 3618 864 3711 ipsius,
891 3637 994 3708 quam
1016 3616 1138 3708 Deus,
1168 3616 1235 3707 qui.

173 3721 292 3795 mnus
313 3717 383 3810 est,
410 3719 614 3803 servatori,
642 3718 700 3810 qui
719 3715 833 3789 dixit:
865 3715 963 3789 Pater
980 3723 1037 3814 qur·
1057 3717 1140 3810 mifir
1159 3741 1231 3794 aaa,

173 3818 272 3922 major
289 3843 337 3890 aa
358 3818 418 3915 esi,
445 3818 503 3908 qui
520 3818 552 3888 δι
572 3820 728 3910 aliorum
738 3820 878 3897 ratione
894 3816 944 3889 est
963 3816 1134 3891 bonitatis
1161 3814 1231 3887 Dei

172 3921 302 4019 imago.
327 3913 486 4002 Fortaiie
505 3937 596 3993 vero
613 3938 704 4091 auggJ
712 3936 838 3995 eornm
852 3912 1237 4085 significationgkquar
1256 3919 1263 3929 '

730 4035 752 4089 a
1116 4035 1130 4083 x
1162 4032 1191 4082 a
