2800 4567
299 356 365 435 IN
388 355 760 436 MATTHAEUM
792 354 911 435 Ton.
937 357 1027 437 XV.
1138 380 1207 459 199

145 518 386 616 criminantur
404 523 580 612 nornine,
616 542 689 614 quo
712 539 759 595 ne
780 521 961 596 hominem
984 519 1124 613 quidem
1152 543 1206 595 re·

145 619 372 713 prehendere
399 637 604 715 promptum
624 621 732 697 foret.
784 622 843 693 Sic
871 627 964 695 enirn
990 622 1203 698 inanimum

144 739 266 793 mcum
287 720 448 809 induco,
481 741 556 793 non
584 722 698 797 minus
725 722 760 794 id
790 720 859 796 Dei
883 721 1082 793 bonitatem
1105 721 1204 817 signi·

144 813 284 891 ficare:
324 821 387 913 Ego
402 823 555 907 occidam,
585 838 692 913 atque
714 822 828 895 iliud:
864 824 910 891 Ea
935 845 982 914 ega
1008 828 1118 891 ataera
1141 824 1202 912 fa·

145 924 244 1000 aiam3
268 919 352 991 item
371 919 403 990 dc
422 922 511 993 hoec
540 924 735 1007 Percutiam3
760 921 852 994 haud
871 918 969 994 secus
994 941 1052 994 ac:
1082 924 1129 993 Er
1152 945 1207 1019 ega.
1231 1007 1234 1014 ,

141 1017 280 1106 sanda·
324 1021 435 1116 Quod
451 1020 472 1091 sr
488 1020 624 1093 doloris
643 1022 703 1092 iile
722 1018 976 1111 nonnunquam
999 1037 1104 1092 autor
1129 1020 1201 1103 est,

146 1113 325 1191 sciendum
348 1116 420 1211 est,
452 1119 626 1194 medicum
652 1138 797 1212 quoque
818 1120 907 1214 saepe
933 1121 1070 1193 doloris
1100 1136 1201 1193 auto·
1255 1166 1264 1190 t

144 1235 220 1288 rem
237 1215 324 1288 effe:
351 1232 386 1288 at
407 1220 571 1304 dolorem
585 1221 771 1293 'incutiens
786 1220 908 1313 Deus,
932 1218 1047 1293 rursus
1064 1220 1201 1293 sanitati

143 1316 316 1405 restituit3
342 1318 441 1389 ita&
463 1338 554 1410 quos
571 1320 756 1412 peccussit,
783 1321 946 1393 bonitate
963 1322 1020 1392 sua
1033 1318 1200 1392 adducitis

142 1415 319 1509 percuffit.
371 1421 476 1517 Quos
490 1422 582 1493 enim
598 1421 769 1512 corripit:
799 1416 1057 1516 Unquamfiitii
1069 1420 1156 1508 senff
1167 1434 1202 1490 rt

145 1519 257 1607 Derr13
284 1520 352 1612 quis
366 1520 570 1606 enimfilius,
588 1544 674 1616 qaam
689 1545 755 1588 aran
774 1525 905 1613 corripit
916 1517 1038 1613 pater?
1062 1521 1200 1592 Verum
1286 1572 1288 1576 ψ

144 1620 247 1685 amnis
262 1616 427 1712 disciplina
446 1624 484 1685 in
498 1619 781 1714 praesmtiquidem
800 1622 930 1706 videtur
952 1644 1018 1687 nan
1047 1616 1103 1708 effi
1122 1643 1200 1710 gau·
1262 1701 1265 1711 .

144 1716 209 1801 dii,
231 1715 285 1801 sed
309 1721 465 1787 maetarr'sr
487 1719 582 1812 postca
597 1735 701 1791 autem
709 1716 856 1811 froilam
870 1715 1100 1813 pacatiffimum
1115 1742 1200 1787 exer-

141 1820 252 1890 citaris
269 1834 326 1909 per
351 1841 416 1886 eam
441 1819 543 1888 reddit
567 1819 711 1913 jaflitia.
777 1818 946 1905 Idcirco,
974 1816 1200 1910 quemadmo-

141 1915 224 1988 dum
239 1915 402 2008 percuffit
413 1914 539 2007 Deus,
561 1917 660 1991 ita&
682 1918 841 2007 sanavit3
868 1938 992 1992 verum
1007 1916 1199 1989 enimiltud

141 2013 214 2088 est:
244 2013 418 2105 Percuffit,
444 2014 483 2089 (5
507 2042 621 2086 manus
641 2021 708 2111 ejus
734 2018 942 2101 [adnaverant.
1006 2014 1058 2087 At
1081 2037 1199 2106 quam·

139 2113 194 2185 vis
215 2128 346 2205 praeter
361 2117 518 2191 omnium
536 2117 743 2213 opinionem
758 2111 815 2192 fit,
837 2116 941 2218 *quod
960 2116 1116 2204 dicetur,
1150 2116 1199 2187 di·
1299 2154 1301 2157 >

141 2227 243 2288 cetur
263 2220 403 2300 tament
430 2216 517 2288 boni
538 2215 607 2288 Dei
622 2214 748 2308 furor,
774 2215 826 2287 uti
844 2215 955 2311 'vulgo
977 2217 1196 2306 appellatur,

140 2333 214 2386 rem
235 2310 321 2386 facit
340 2312 541 2400 salutarem,
569 2336 648 2386 curn
671 2315 840 2406 corripit:
866 2316 900 2387 dc
926 2334 1001 2405 quae
1018 2312 1121 2405 ipsius
1148 2314 1199 2385 ira

139 2411 292 2503 dicimo,
319 2412 602 2508 quandoquidem
622 2415 710 2487 boni
727 2414 796 2486 Dei
814 2412 889 2506 est,
916 2414 958 2487 ad
980 2412 1197 2486 emendatio·

140 2531 221 2586 nern
246 2510 399 2606 castigat.
458 2512 514 2584 Ac
536 2515 647 2587 multa
669 2513 810 2605 quidem
841 2514 911 2603 iis,
950 2533 1041 2604 quos
1070 2533 1110 2582 ea
1139 2532 1196 2581 res

141 2610 286 2687 minime
301 2610 526 2704 offenderet,
553 2612 597 2686 de
610 2614 774 2686 bonitate
794 2612 863 2685 Dei
888 2613 955 2683 dici
974 2609 1135 2711 possent,
1163 2609 1197 2681 dc

141 2710 184 2785 de
197 2712 402 2781 mutiiruttna
422 2712 592 2782 dulcedinis
605 2712 694 2807 ipfius
711 2725 852 2803 ,onam
868 2732 944 2784 non
961 2710 1032 2783 fine
1055 2713 1197 2782 ratione

103 2826 109 2834 “
142 2809 296 2894 abscondit
316 2811 499 2898 timentibus
515 2814 569 2901 se,
602 2832 648 2883 ne
671 2812 801 2881 divitiis
818 2810 967 2881 bonitatis
986 2816 1050 2902 ejus
1061 2811 1207 2878 contem-¹

137 2916 231 3008 ptis,
264 2910 302 2985 U
324 2914 503 3006 patientia,
528 2911 831 3003 &longanimitate
857 2910 1016 2995 secundum
1043 2910 1197 2977 duritiam

136 3010 226 3101 suam
240 3008 279 3085 (Ἰ
305 3015 583 3106 impaenitens-car,
611 3011 833 3097 thesaurizent
841 3009 902 3105 fiii
919 3009 1087 3098 majorem
1103 3013 1195 3093 itam,

140 3130 244 3201 quarn
267 3107 480 3182 absconditis
503 3110 563 3200 sibi
587 3109 720 3182 divitiis
736 3108 908 3181 bonitatis
931 3107 1024 3197 Dei,
1050 3107 1195 3179 minime
1302 3125 1306 3146 ·

139 3208 438 3283 thesaurizaffent.
490 3208 549 3281 Ad
565 3209 657 3281 hanc
673 3229 761 3305 ergo
776 3206 1023 3299 questionem,
1040 3202 1195 3297 quisnam
1260 3207 1262 3212 ’

138 3309 260 3382 bonus
276 3307 336 3396 [ης
364 3323 437 3379 tum
454 3309 495 3379 ad
510 3309 615 3380 illud:
643 3312 732 3402 Quid
750 3309 821 3379 bani
829 3308 970 3400 faiiam?
996 3327 1038 3379 ea
1053 3328 1072 3377 a
1088 3304 1195 3378 nobis

139 3407 230 3482 dicta
249 3406 317 3481 smt
338 3428 413 3497 quae
430 3405 531 3500 super
547 3409 618 3481 hoc
635 3411 722 3481 loco
739 3411 945 3502 excogitate
963 3408 1157 3500 potuimus.

210 3530 232 3596 ,1
241 3530 273 3579 2.
296 3506 477 3599 Deinceps
494 3527 585 3579 vero
601 3508 687 3579 illud
703 3508 947 3599 disputandum
960 3506 1084 3595 venit,
1105 3524 1197 3594 quae·

136 3611 219 3683 tiam
238 3606 282 3679 stt
299 3607 427 3679 horum
448 3605 639 3679 sententiat
665 3610 705 3678 Si
718 3625 822 3677 autem
840 3611 893 3677 vis
913 3608 1071 3676 advitam
1093 3609 1196 3696 ingre·

136 3709 189 3790 di,
210 3709 307 3796 sarva
331 3708 500 3797 mandata,
526 3707 562 3778 in
579 3708 705 3795 quibus
723 3706 758 3778 id
775 3704 947 3784 observa,
970 3704 1066 3794 'quast
1094 3719 1196 3775 extra

136 3807 252 3881 vitam
270 3804 468 3879 constituto
486 3804 541 3893 ei,
563 3807 622 3896 qui
639 3805 683 3879 de
703 3806 805 3886 bono
822 3808 1039 3897 interrogat,
1065 3800 1196 3875 dicium

135 3904 261 3982 tuine:
301 3910 340 3977 Si
364 3912 418 3972 vis
440 3908 478 3975 ad
508 3912 613 3975 viram
633 3909 764 3998 ingredi.
816 3906 886 3979 Hic
916 3918 1034 3976 autern
1059 3913 1197 3973 attente

137 4004 341 4103 perspicere
354 4005 461 4098 licet,
486 4005 571 4098 quid
586 4004 648 4102 fit,
667 4001 778 4185 1<prtia
791 4006 905 4087 vitant
921 4001 1019 4097 ede,
1040 4000 1077 4073 dt
1099 3996 1209 4108 ᾠὰ,

355 4145 357 4150 ·
736 4128 762 4199 4
1130 4113 1182 4165 m
1211 4123 1237 4162 ‘.
