2800 4567
214 307 217 312 .
304 265 401 388 “IN
425 264 798 342 MATTHAEUM
834 266 953 345 Tou.
979 267 1070 346 XV.
1177 295 1247 372 259

184 428 475 530 pupienationem
492 447 571 500 cunr
586 429 727 502 ratione
740 427 933 501 Mattheus
951 428 1089 503 silentio
1105 447 1249 524 praeter·

183 519 299 618 fiius,
325 526 349 599 sr
368 530 443 617 quis
459 519 593 618 partem
610 528 685 619 ejus
701 527 1018 620 comprehensrone
1039 527 1167 622 ¹assequi
1187 556 1247 605 ua·

183 627 279 714 icat,
305 623 511 718 patefatiem
527 625 588 698 srbi
603 627 936 718 interpretationem
952 627 1101 702 obscure
1117 629 1247 724 depro-

185 746 306 816 mens,
332 722 426 795 resse
447 721 593 796 fortasse
615 727 747 821 egerim
776 722 849 799 atsr
869 748 1097 819 quecumque
1114 730 1174 801 srbi
1192 753 1246 804 re·

186 820 429 912 vesaniunt,
463 826 574 916 palam
599 827 798 916 aperuerit,
833 827 1014 899 &litteris
1039 830 1243 923 tradiderit,

183 922 277 994 'citra
306 923 554 1018 evulgatorum
580 922 828 1016 mysteriorum
854 923 1246 1023 discrimenshaudqua·
1275 985 1278 1004 ..

186 1042 291 1112 quarn
309 1022 385 1093 erit.
751 1043 756 1050 ’
1238 1107 1240 1112 ,

263 1141 318 1212 31.
345 1118 425 1216 Age
442 1139 546 1216 ergo,
573 1140 662 1212 nos,
688 1119 747 1213 qui
764 1141 790 1192 -a
805 1140 921 1196 rerum
945 1125 981 1198 in
1000 1124 1170 1214 parabola
1188 1146 1243 1200 re-

183 1219 411 1312 conditarum
444 1219 687 1313 profunditate
719 1222 829 1316 longe
860 1221 1041 1312 absumus,
1077 1225 1243 1298 &valde

183 1339 299 1413 pauca
321 1319 423 1411 super
449 1341 523 1394 eam
550 1323 669 1391 animo
696 1322 938 1414 concipimus,
972 1324 1085 1413 aliqua
1110 1323 1243 1396 leviter

183 1440 261 1498 non
274 1418 344 1492 srne
364 1422 529 1510 precibus
544 1439 809 1513 proponamus,
836 1418 1008 1495 sententia
1023 1422 1108 1494 item
1122 1423 1243 1497 nostra

181 1519 302 1608 aliqua
325 1539 370 1589 ex
394 1533 492 1609 parte
514 1519 635 1609 paucis
660 1533 803 1610 aperta,
835 1517 1019 1611 postquam
1048 1518 1150 1610 super
1182 1544 1242 1613 pa·

180 1619 310 1689 sebosa
333 1617 493 1709 apposite
514 1613 789 1709 disseruerimus,
821 1619 863 1690 ad
886 1622 1019 1710 reliqua
1042 1639 1239 1713 pergamus.

180 1716 338 1790 Primum
362 1719 501 1806 itaque,
529 1716 611 1806 quid
634 1716 676 1790 st
695 1718 770 1814 dies
789 1715 871 1804 ista,
897 1719 942 1790 de
963 1739 1031 1809 qua
1057 1718 1241 1809 proposita

177 1821 259 1912 ,agit
279 1817 466 1908 parabola,
492 1813 727 1910 disputemus3
760 1838 804 1910 ac
825 1818 1029 1909 videamus,
1055 1837 1098 1890 en
1125 1832 1241 1894 totam

179 1913 391 2007 presentem
419 1914 560 1988 ae'tatem
586 1914 678 1987 diem
694 1914 888 2006 quamdam
909 1917 1029 1991 dicere
1055 1914 1240 2010 possimus,

184 2012 296 2087 nostri
315 2013 454 2103 quidem
470 2016 611 2086 ratione
629 2015 768 2101 habita,
794 2036 972 2107 magnam3
1000 2017 1160 2108 exiguam
1179 2038 1241 2089 ve·

183 2134 229 2185 ro
248 2111 465 2201 ebrevem,
493 2111 515 2184 sr
534 2133 613 2185 curu
629 2111 721 2202 Dei,
748 2112 781 2184 dr
800 2111 939 2203 Christi,
954 2117 986 2184 dr
1003 2113 1152 2208 Spiritus
1169 2113 1241 2188 san·

184 2212 230 2287 &i
248 2211 323 2284 vita
340 2213 596 2302 contendatur:
621 2212 789 2302 siquidem
811 2210 959 2304 presens
976 2229 1059 2285 aetas
1081 2214 1241 2288 eamdem

183 2308 330 2386 sortasse
353 2331 389 2383 ra
408 2311 444 2400 ᾗ
471 2333 527 2388 em
550 2312 658 2385 habet
683 2311 725 2384 sd
749 2313 858 2384 vitam
876 2316 1057 2384 beaterum
1078 2332 1241 2402 quarum·

184 2413 267 2485 dam
284 2425 373 2502 pote
429 2403 433 2414 '
462 2409 471 2422 ''
507 2431 690 2503 ‚queque
714 2411 841 2508 genitis
866 2414 1107 2503 compluribus
1132 2415 1242 2484 colia·

185 2524 233 2583 tae
250 2507 447 2601 superiores
466 2511 519 2582 his
533 2511 821 2600 evaserunt,quae
837 2509 928 2584 infra
948 2530 1065 2584 rerum
1082 2513 1241 2586 omnium

152 2683 160 2695 ,
182 2607 460 2684 moderatricem
471 2606 685 2684 Trinitatem
701 2610 815 2702 posita
834 2610 932 2701 sunt,
960 2631 1061 2700 quam
1081 2610 1241 2683 humane

186 2710 274 2780 vitae
289 2708 363 2782 dies
382 2708 423 2781 ad
439 2723 557 2780 totum
572 2723 712 2798 tempus
731 2712 907 2781 rationem
923 2710 1051 2801 habet,
1078 2709 1120 2779 ad
1133 2708 1242 2798 quod

187 2809 342 2882 hominis
357 2809 432 2880 vite
446 2808 612 2902 progredi
629 2807 757 2899 potest.
795 2807 854 2880 An
872 2823 989 2881 autem
1008 2810 1080 2880 taie
1096 2808 1241 2897 aliquod

185 2905 392 3000 mysterium
416 2908 611 3000 aperiatur,
636 2928 705 2979 nec
725 2929 793 2995 ne,
827 2912 863 2979 in
890 2926 937 2978 eo
964 2906 1241 2988 Deuteronomii

179 3008 356 3096 cantico,
382 3005 442 3078 ubi
466 3004 721 3098 scriptumest:
751 3011 946 3078 Mementote
966 3007 1028 3075 diei
1046 3003 1164 3099 seculi,
1191 3008 1242 3078 in·

185 3109 307 3200 quiret
322 3105 379 3197 qui
395 3108 551 3196 poterit3
579 3120 652 3179 tum
674 3106 825 3195 deinde,
852 3105 874 3179 sr
896 3106 984 3178 teies
1002 3102 1080 3178 sunt
1096 3105 1169 3176 dies
1187 3102 1243 3176 sae·

186 3207 273 3294 culi,
289 3218 330 3276 ut
345 3202 536 3278 necessario
558 3203 812 3296 consequatur,
824 3205 979 3278 similiter
996 3205 1243 3298 explicandum
1294 3205 1297 3210 '

147 3339 157 3352 ··
180 3303 260 3380 eise
273 3305 368 3377 htrne
385 3306 522 3378 locum:
549 3307 660 3376 Aunes
675 3303 804 3376 aere'enes
818 3314 854 3374 in
870 3324 972 3378 mente
986 3306 1102 3387 dabui,
1129 3307 1165 3380 su
1182 3328 1242 3376 me·

180 3410 314 3488 ,ditarer
330 3405 397 3488 sum
412 3401 501 3474 nosse
515 3429 582 3474 cunr
596 3405 683 3476 corde
697 3430 778 3491 meo,
805 3405 842 3481 (ὅ
861 3405 1069 3491 exercitabar,
1095 3403 1241 3498 &scope-
1309 3417 1311 3422 '

181 3509 258 3578 hom
268 3505 419 3602 spirirum
433 3528 541 3580 meum.
582 3505 627 3575 Er
643 3507 711 3574 dixi
717 3531 727 3574 ε
755 3506 920 3601 Numquid
936 3505 1090 3592 insaecula
1102 3508 1243 3600 projiciet

180 3598 305 3692 ¹Deus?
353 3599 401 3673 Et
428 3599 594 3696 fortasse,
620 3619 660 3676 ut
685 3604 871 3677 audentius
897 3605 1028 3697 dicam,
1063 3600 1244 3678 insaecula

178 3708 322 3800 ,quippe
339 3702 516 3776 Dominus
534 3723 609 3780 non
625 3705 809 3797 projiciet:
838 3707 985 3778 muitum
1014 3705 1144 3797 quippe
1170 3703 1242 3793 est,

188 3806 253 3878 vei
268 3807 305 3876 in
322 3821 431 3875 unum
447 3799 606 3877 seculum
622 3802 816 3878 Dominum
831 3802 1030 3897 projicere3
1066 3802 1120 3875 sed
1149 3805 1181 3873 &
1207 3803 1244 3873 in

178 3907 345 3992 ,alterum
361 3897 507 3978 sortasse
522 3897 698 4078 seculus}
699 3903 879 4006 projiciet,
889 3923 968 3980 curn
982 3918 1118 4004 certum
1130 3902 1244 3974 hocce

726 4026 746 4077 2
1072 4021 1196 4094 peccu-
