2800 4567
325 293 389 379 in
414 306 788 385 uunnnnun
823 306 943 385 aon.
969 305 1102 384 xvtt
1166 316 1239 405 aaz
1285 283 1289 306 '

165 468 241 565 μὴ
259 487 398 537 mor'utu
415 467 527 562 fuerit
554 492 618 541 uon
637 467 757 544 habens
776 447 907 564 filium,
942 487 981 543 ua
1009 474 1103 544 ducat
1119 470 1239 566 frater

168 572 238 666 ejus
259 591 385 637 uxorem
408 573 512 660 lius,
538 571 577 647 U
590 574 724 661 fulciret
740 573 842 660 semen
855 572 968 664 fratri
985 573 1047 657 suo.

193 677 196 682 ’
251 684 308 757 30·
327 666 398 741 Hic
417 690 503 767 ergo
522 674 758 765 exponendus
778 673 864 746 mihi
885 674 1029 745 videtur
1052 672 1156 744 locus
1177 673 1238 746 ille
1267 696 1270 702 ¹

168 762 338 859 Moylis,
366 772 408 841 ad
434 792 537 861 quem
560 793 601 844 ea
624 769 1064 862 referebantssadd'ucaei,
1097 794 1174 865 quae
1191 773 1239 846 in

167 867 362 959 euangelio
383 871 426 940 ab
443 871 522 963 ipsis
541 874 629 943 ditia
646 872 746 959 fuille
766 888 971 949 narrantur.¹
1017 872 1075 945 Sic
1090 893 1178 967 ergo
1203 870 1239 945 se

165 963 280 1040 habet
300 967 361 1039 ille
378 967 659 1046 Deuteronomii
672 977 793 1046 locus:
823 971 860 1046 St
881 974 1239 1065 habitaveriurfratm

160 1065 276 1165 βαιοὶ,
302 1069 340 1142 (5
361 1092 498 1143 unusex
518 1076 557 1142 iis
581 1095 722 1145 mortuus
743 1072 871 1164 suerit,
899 1073 1104 1164 etreliqua,
1130 1072 1240 1161 usque

168 1166 215 1240 ad
230 1166 284 1240 id:
312 1168 622 1268 Domusdiscalceati.
674 1173 897 1269 Huneigitur
912 1176 1034 1245 locum
1048 1193 1236 1265 perperam

170 1266 452 1358 interpretantes
472 1273 677 1365 Sadducaei,
704 1288 834 1365 utpote
857 1270 1122 1345 resurrectionis
1142 1271 1239 1365 spem
1263 1277 1267 1282 ’

168 1383 250 1440 non
266 1368 458 1463 habentes,
483 1374 751 1466 necquidquam
768 1372 851 1445 Deo
861 1374 1004 1469 dignum
1016 1370 1238 1464 superhacce

162 1465 254 1561 ,lege
282 1470 401 1542 animo
428 1475 704 1567 concipientes,
731 1473 755 1547 st
781 1471 901 1545 futura
929 1486 1005 1544 erat
1026 1469 1238 1544 resurreetio

172 1562 429 1643 consertorum
450 1570 520 1643 elie
538 1574 792 1665 crediderunt,
817 1588 860 1644 ut
877 1575 953 1660 vir,
979 1570 1164 1663 postquam
1183 1591 1239 1642 re·

160 1662 394 1764 iuuenile,
419 1670 552 1747 tursum
573 1677 628 1745 vir
643 1672 761 1764 foret,
790 1672 1049 1745 viriliababens
1063 1673 1237 1756 membra;

172 1764 208 1836 ἃ
231 1770 358 1839 mullet
377 1770 539 1844 muliebri
562 1774 685 1845 induta
709 1791 865 1865 corpore
899 1774 1093 1844 etiamnum
1110 1770 1240 1844 mulier

170 1862 386 1960 resurgeret,
439 1869 600 1962 Cumque
624 1875 699 1945 hec
726 1873 810 1946 inde
836 1868 1005 1962 consequi
1023 1870 1240 1962 crederent,

172 1964 219 2036 de
243 1966 309 2036 hac
332 1967 595 2046 resurreilionis
613 1972 783 2058 ,doctrina
805 1970 939 2062 abJ'ette
959 1971 990 2041 ot
1008 1967 1149 2043 demilie
1166 1967 1241 2041 sen·

136 2147 142 2164 ί
171 2066 318 2150 tientes,
338 2069 579 2144 consarcinata
596 2074 744 2162 qtiadam
754 2073 798 2144 de
814 2069 947 2165 septem
957 2068 1124 2142 fratribus
1142 2068 1243 2142 iabu-

172 2163 230 2256 la,
264 2166 323 2256 qui
348 2170 496 2245 eandem
522 2169 698 2244 duxilient
728 2191 901 2260 uxorem,
936 2166 1115 2262 cujusnam
1146 2166 1240 2260 ipsa,

172 2262 361 2359 postquam
377 2270 456 2344 talis
470 2269 732 2368 resurrexillet,
755 2271 877 2370 futura
893 2267 980 2343 ellet
994 2289 1089 2341 uxor
1104 2286 1240 2359 quaere·
1326 2275 1329 2285 '

172 2365 282 2455 baut,
318 2388 398 2440 cum
421 2368 554 2464 septem
577 2373 741 2444 virorum
769 2391 862 2444 uxor
886 2383 990 2442 antea
1016 2365 1123 2441 semel
1151 2366 1242 2459 elicit

159 2462 302 2548 iuiliet.
353 2466 500 2562 Absque
514 2477 555 2545 ea
572 2486 690 2545 aute‘m
707 2468 879 2559 liiiione,
907 2470 1025 2555 petito
1042 2490 1062 2541 a
1085 2465 1242 2542 mulieri·

173 2565 245 2637 bus
263 2585 496 2663 argumento,
524 2591 600 2662 quae
617 2574 777 2666 pluribus
793 2567 984 2664 nupsilient
1005 2561 1112 2659 vitis,
1140 2569 1198 2639 vel
1220 2584 1242 2641 a

172 2665 285 2757 viris,
313 2672 371 2755 qui
388 2674 507 2763 plures
524 2669 698 2744 duxilient
715 2690 869 2759 uxores,
896 2668 1045 2741 eandem
1068 2678 1241 2759 poterant

176 2764 408 2855 quaestionem
424 2790 641 2865 proponere
694 2766 747 2839 At
761 2766 1071 2862 respondensipfis
1085 2765 1243 2857 Sospita·

174 2877 239 2939 tot
263 2868 403 2959 noller,
431 2867 566 2970 sensum
590 2868 733 2959 quidem
752 2868 922 2941 Mosaicae
943 2867 1055 2963 legis,
1080 2866 1123 2935 iis
1148 2863 1243 2954 quali

166 2966 268 3036 tanti
283 2968 436 3059 mysterii
450 2970 661 3064 cognitione
675 2968 919 3064 indignis'non
937 2963 1166 3058 explanavit,
1183 2961 1243 3036 secl

176 3063 334 3138 ostendit
354 3068 465 3143 solum
494 3070 632 3142 divinas
654 3068 845 3159 scripturas
873 3068 918 3140 de
940 3062 1198 3156 resurreciione
1222 3083 1242 3134 a
1267 3126 1269 3131 .

175 3168 326 3239 mortuis
343 3168 379 3240 id
395 3172 628 3262 pronuntiare
644 3170 758 3241 nullas
772 3170 822 3241 ibi
838 3167 975 3239 futuras
994 3166 1155 3258 nuptiis,
1182 3162 1242 3236 sed

177 3267 239 3353 qui
256 3287 274 3336 a
290 3270 442 3341 mortuis
464 3269 669 3365 resurgunt,
695 3268 827 3364 angelis
850 3266 929 3339 coeli
945 3263 1071 3337 similes
1086 3262 1243 3335 futuros:

176 3362 213 3435 ἀ
235 3370 533 3456 quemadmodum
552 3367 702 3459 quisunt
719 3369 756 3439 in
775 3359 1015 3459 c'oeloangeli,
1042 3371 1244 3454 nequema·
1321 3444 1323 3450 ¹

176 3466 386 3540 trimonium
404 3471 642 3549 contrahunt,
660 3488 778 3557 neque
794 3470 1003 3551 elocantur;
1030 3466 1079 3538 ita
1095 3466 1128 3535 bc
1147 3464 1246 3553 quia

177 3570 331 3648 mortuis
356 3567 551 3664 resurgunt.
603 3566 681 3671 Ego
706 3586 796 3639 uero
824 3567 907 3639 inde
926 3561 1145 3636 manifestum
1167 3558 1245 3675 fieri

180 3667 338 3760 opinor,
365 3690 439 3741 non
457 3691 501 3742 ex
518 3690 563 3740 eo
580 3666 693 3740 solum
712 3667 844 3744 modo,
872 3664 968 3755 quod
989 3685 1106 3754 neque
1127 3677 1245 3734 matri·

180 3768 341 3842 monium
367 3770 604 3856 contrabant,
636 3786 754 3857 neque
776 3768 985 3862 elocentur,
1013 3768 1070 3855 qui
1095 3759 1248 3853 resurre-

182 3866 302 3940 itione
328 3889 347 3938 a
369 3869 630 3963 mortuisdigni
654 3868 850 3956 habentur,
877 3863 1009 3959 angelis
1027 3863 1106 3934 coeli
1122 3861 1247 3953 similes

187 3966 378 4058 evadere3
412 3968 469 4043 sed
494 3990 539 4063 ex
563 3989 608 4043 eo
629 3967 735 4042 etiam
753 3962 1001 4065 transfigurata
1019 3963 1164 4039 humilia
1186 3983 1249 4037 eo·

265 4102 268 4110 -
681 4067 810 4158 ΗΜ
1122 4081 1213 4132 tum
