2800 4567
270 267 368 350 ·1N
392 269 765 356 MATTHAEUM
798 266 919 350 Tou.
944 263 1076 351 xvi(
1144 295 1212 370 3²1

148 447 230 527 tet,
252 433 356 528 juxta
375 434 676 529 pollicitationem
691 430 787 529 lesu,
803 435 991 514 veritatem
1011 435 1211 532 cognoscit,

151 535 186 610 du
213 535 255 608 ab
280 531 352 628 ipsa
376 535 556 610 liberatur.
605 529 688 606 Nos
706 529 822 628 vero,
845 533 1135 626 quandoquidem
1150 557 1212 609 eo·

149 653 252 726 rum,
279 654 356 726 quae
376 633 467 708 uitta
489 629 586 725 sunt,
612 629 746 732 sensum
772 649 848 705 non
874 631 1100 726 assequimur,
1117 641 1211 710 'cum

150 732 223 806 fide
243 753 421 822 carenum
448 733 743 828 quotiescumque
769 748 887 824 autem
913 736 1162 830 intelligimus,
1190 756 1212 807 a

150 827 223 906 fide
240 829 359 906 nostra
372 834 562 924 habemus,
590 848 630 904 ut
648 829 903 928 intelligentem
931 853 1096 929 age,eum
1114 837 1210 925 prius

151 933 355 1030 apprecati,
382 935 440 1024 qui
462 933 505 1008 ab
531 933 708 1028 evangelii
733 935 910 1019 tenebris,
939 935 972 1003 dc
993 933 1212 1007 obscuritate

150 1051 222 1105 nos
242 1031 389 1128 liberat,
417 1031 554 1122 quain
579 1031 676 1106 huuc
701 1034 820 1106 locum
847 1034 953 1104 nobis
981 1030 1211 1125 succurrent,

146 1152 221 1228 pro
237 1129 332 1228 ¹virili
349 1135 450 1224 parte
465 1143 706 1228 eir'ponamum
733 1151 774 1205 ac
787 1132 872 1204 illud
888 1132 1038 1225 primum
1056 1133 1139 1223 quid
1155 1133 1211 1227 fit,

144 1231 362 1327 Jerichunte
379 1231 642 1326 egredientibus
659 1252 738 1305 cum
758 1231 953 1304 servatore
971 1231 1212 1326 discipulisJe·

147 1327 210 1421 su,
236 1331 398 1428 magnam
418 1353 498 1404 eum
517 1329 657 1418 turbam
678 1328 778 1403 fuisse
797 1329 1037 1424 subsecutam,
1061 1351 1212 1423 perpen-

147 1431 286 1504 damus.
333 1427 469 1504 Eorum
495 1447 586 1502 vero
608 1431 841 1511 recordatus,
868 1450 945 1522 quae
971 1428 1072 1523 super
1095 1453 1136 1503 ea
1152 1452 1212 1523 pa·

148 1529 279 1604 rabola
290 1527 441 1602 diximus
461 1530 497 1602 in
515 1531 704 1625 evangelio
722 1529 911 1603 secundum
929 1531 1062 1603 Lucam
1076 1549 1212 1622 propo·

146 1627 232 1703 fita.-
266 1633 364 1700 Homo
387 1631 512 1728 quidem
531 1629 723 1718 descendebat
744 1634 783 1699 eb
807 1630 983 1726 Jerusalem
1006 1637 1042 1698 iu
1064 1629 1211 1723 Jerr'eluo,

147 1735 189 1806 (9
214 1729 568 1821 meridianorum,
595 1729 703 1824 vide,
730 1749 813 1802 num
836 1751 992 1822 quaerere
1011 1728 1138 1820 poffis,
1165 1749 1211 1803 an

145 1849 226 1904 non
245 1839 442 1906 memorata
459 1831 518 1901 hic
537 1829 685 1924 jericho
699 1827 900 1921 symbolum
919 1831 960 1902 srt
980 1828 1153 1902 terrestris
1172 1829 1213 1900 il·

143 1917 217 2008 ffle
235 1928 330 2023 loci,
355 1929 411 2020 qui
428 1929 462 2001 in
478 1925 649 2020 scriptura
662 1930 814 2001 mundus
830 1929 898 2001 dici
917 1926 1018 2002 solet.
1069 1926 1213 2021 Jeroso·

146 2029 362 2124 lyme-ergo
384 2028 630 2120 Jerichuntem
654 2027 869 2102 descendens
884 2028 1023 2108 Adam,
1047 2027 1121 2101 hoc
1140 2025 1212 2121 est,

146 2126 651 2210 homo,inlatrones'incidit.
701 2127 755 2199 At
771 2141 920 2221 propter
934 2127 1212 2220 multitudinem,

145 2249 228 2320 qrrae
240 2221 451 2322 Jericlrunte
464 2223 534 2322 est,
561 2247 686 2324 magna
702 2226 870 2319 srquidem
883 2227 1092 2320 Jericbunte
1107 2228 1212 2299 turba

145 2325 221 2416 est,
247 2323 499 2420 poliquamqad
525 2345 602 2400 earn
628 2345 709 2399 cum
733 2326 907 2420 discipulis
926 2326 1095 2420 pervenit
1112 2324 1211 2418 Jesus

144 2423 292 2519 noster,
318 2445 382 2518 per
400 2427 496 2499 hunc
512 2426 549 2499 in
563 2427 710 2520 Jericho
725 2429 918 2500 adventum
938 2444 1083 2520 operam
1102 2426 1211 2506 dans,

145 2542 188 2600 ut
206 2529 300 2599 viam
316 2523 358 2598 iis
373 2524 533 2621 praeiret,
561 2527 619 2618 qui
639 2523 673 2599 se
692 2523 852 2618 subsequi
870 2523 1027 2616 vellent,
1053 2519 1234 2619 proficis-¹

146 2626 318 2720 cebiturr
344 2647 423 2697 nam
451 2627 509 2718 qui
534 2623 742 2718 jerichunte
768 2624 873 2716 sunt,
900 2626 1214 2719 acogitationibue
1257 2687 1259 2692 .

142 2723 331 2803 mundanis
347 2721 526 2797 discedere
542 2741 747 2818 nequeunt,
774 2725 835 2800 nist
850 2723 1059 2818 Jerichunte
1078 2743 1212 2796 exeun—

145 2839 222 2900 tem
243 2843 326 2910 ‚non
347 2819 459 2917 ipsum
482 2823 594 2898 solum
614 2823 732 2918 Jesum
759 2823 936 2914 viderint,
964 2822 1022 2895 sed
1046 2821 1209 2919 &ipsrut

145 2919 359 3017 discipulos:
385 2937 421 2995 at
440 2922 513 2996 visa
529 2941 573 3008 ¹ea
591 2941 651 3014 re,
678 2919 898 3014 subsequitur
915 2924 1013 2995 illum
1032 2924 1137 2996 turba
1157 2924 1210 2994 in·

144 3033 251 3122 geno:
294 3019 343 3095 lit
357 3021 668 3117 quisquisattente
685 3043 750 3097 eos
769 3041 894 3095 omnes
910 3020 1209 3114 perspexerit,qul
1323 3074 1325 3079 .

141 3121 247 3218 juxta
265 3121 424 3196 divinum
448 3125 599 3194 verbum
615 3125 759 3194 uitama
785 3141 858 3212 ere,
878 3138 1040 3194 necnon
1059 3119 1209 3196 &mun-

143 3223 249 3310 dum,
277 3239 318 3295 ac
338 3239 394 3310 res
419 3236 581 3294 terrenas
605 3143 796 3313 despicatgi
822 3221 953 3294 habere
972 3223 1124 3311 volunt,
1150 3221 1209 3316 Je-

142 3320 241 3414 sum',
266 3321 442 3418 ipsrusque
459 3317 649 3416 discipulos
663 3319 779 3413 sequi,
804 3340 1003 3411 eorumque
1022 3319 1209 3414 Jeriinun·

142 3435 182 3497 te
200 3422 408 3495 exeuntium
423 3420 568 3518 vestigia
584 3421 726 3516 legere,
753 3421 783 3492 is
803 3417 839 3494 in
855 3418 929 3494 loci
947 3421 1050 3510 bujua
1072 3415 1207 3495 sensum

141 3524 403 3618 penetraverit.
453 3519 569 3613 Jesum
591 3539 677 3617 ergo
696 3521 800 3592 turba
815 3521 939 3614 ingens
963 3519 1139 3610 sequitur,
1164 3533 1207 3593 ut

170 3620 225 3696 ost
246 3639 327 3695 eum
353 3621 593 3712 ambulantes,
621 3641 740 3712 eoque
760 3633 904 3693 utentes
928 3619 1063 3691 itineris
1089 3617 1205 3716 duce,
1302 3651 1304 3656 ¹

141 3639 404 3820 ierosolymam
429 3717 682 3814 conscendant.

165 3829 168 3836 '
221 3843 276 3895 ιο.
303 3819 533 3916 subjungitur
548 3818 772 3918 certepaulo
792 3812 899 3912 post:
934 3817 1012 3890 Cum
1038 3823 1205 3916 apprepin-

143 3919 285 4021 quaffenr
306 3919 540 4016 Jrrosolumir,
575 3919 614 3997 b
630 3915 787 4013 veniffem
808 3917 987 4018 bethphage
1009 3923 1048 3992 ud
1068 3935 1204 3990 mntem

193 4023 342 4116 origenis
363 4021 451 4094 Tem.
472 4023 540 4092 XI.
753 4010 787 4090 X
1088 4018 1156 4090 on·-
