2800 4567
235 285 319 378 ,ns
345 279 719 363 massamuti
756 279 881 359 rou.
903 276 1044 365 xvrt
1079 287 1177 379 sm

101 474 190 531 nem
213 474 233 526 e
253 452 419 549 gentibus
441 449 663 546 vaticinans,
690 444 895 542 Judaeorum
918 440 1089 540 magistris
1114 442 1181 519 fibi

99 554 212 631 fidem
231 573 305 630 non
323 550 539 624 habentibus
556 551 623 646 ait:
650 545 1090 641 Auferetur-aoobisrsgnum
1101 549 1179 633 Dei,
1217 572 1220 582 ¹

99 654 141 732 θ
160 653 291 723 dabitur
305 655 397 743 genti
407 648 550 740 facienti
562 645 784 743 isul'iussjsss.
832 642 972 719 Verum
996 646 1066 729 ita,
1092 658 1135 717 ut
1158 664 1180 718 a
1271 702 1273 705 >

102 752 215 829 nobis
228 749 329 843 supra
340 741 468 821 ditium
482 744 546 839 est,
557 746 679 821 omnia
696 743 890 819 summatim
901 744 1005 818 nimis
1022 744 1181 838 comple·

100 852 211 926 clitus
230 853 307 923 haec
325 849 542 939 explicatio,
568 868 645 925 uon
669 846 777 918 etiam
787 844 950 916 ‘verbum
973 841 1105 942 singula
1127 845 1182 918 in·

91 965 347 1044 terpretatur„
373 946 477 1041 super
494 965 563 1037 qua
578 944 740 1038 spiritalis
755 940 938 1036 aliquis&
953 942 1183 1037 unumquod-

103 1072 178 1144 que
199 1049 400 1122 examinare
417 1048 565 1135 valens,
582 1046 665 1118 dum
681 1042 947 1133 reconditarum
965 1042 1024 1116 hic
1039 1039 1183 1117 senten·

102 1154 235 1225 siarum
248 1150 390 1239 januam
409 1143 631 1219 obscuritate
649 1142 828 1216 occlusam
849 1140 1021 1236 pulsabit,
1048 1143 1091 1218 ad
1105 1144 1183 1238 ple·
1313 1210 1320 1228 .,

102 1267 236 1340 sasque
251 1243 417 1319 offendet
435 1243 702 1335 dubitationes,
731 1260 879 1333 quarum
893 1238 1111 1320 solutionem
1125 1266 1183 1319 re·

103 1351 249 1451 periet,
276 1347 397 1419 iream
420 1344 518 1418 reite
542 1335 763 1435 quaeilverit,
790 1364 810 1413 a
831 1341 989 1431 Deoque
1006 1344 1181 1444 recipiet,
1233 1354 1237 1362 '

104 1447 315 1539 st-psecibus
333 1442 584 1537 postulaverit.
636 1441 719 1515 Nos
736 1456 856 1515 autem
872 1462 940 1533 pro
956 1443 1183 1519 modulono·

104 1547 183 1622 stro
206 1548 291 1618 talia
311 1542 511 1636 super-hoc
536 1544 623 1615 loco
648 1554 770 1615 mente
790 1540 1012 1631 concipimus
1025 1565 1039 1630 ς
1054 1546 1184 1620 homi·

104 1646 371 1722 nemnimirism
391 1642 693 1736 patremfamilias,
709 1639 830 1715 Deum
849 1637 933 1733 elie,
949 1639 994 1714 de
1012 1663 1086 1734 quo
1103 1642 1183 1718 scri·

105 1761 211 1840 ptum
228 1742 297 1816 ests
326 1746 476 1815 Parrasia
495 1749 703 1815 nilominus
723 1746 810 1814 Deus
826 1758 922 1833 tuus,
947 1752 986 1811 tit
998 1743 1080 1831 salet
1093 1745 1184 1817 homo

100 1845 220 1942 gestare
230 1844 403 1939 parvalum
411 1842 518 1929 [uam.
569 1838 604 1915 ls
626 1838 720 1915 enim
743 1840 781 1914 in
800 1839 1010 1934 quibusdam
1029 1844 1193 1935 parabo·

109 1948 156 2019 lis
172 1946 285 2017 homo
307 1943 526 2035 appellatur,
553 1956 748 2034 propterea
766 1941 885 2034 quod,
911 1942 995 2014 dum
1015 1940 1184 2021 homines
1225 1976 1227 1978 ¹

103 2046 237 2147 juvat,
274 2043 460 2116 hominum
485 2061 608 2124 mores
640 2041 675 2112 in
702 2040 890 2116 hominum
922 2041 1114 2118 utilitatem
1141 2065 1184 2119 ac

109 2138 524 2217 commodumsustinetr
546 2153 659 2231 atque
676 2140 751 2214 hoc
765 2142 906 2233 quidem
925 2143 1013 2224 loco
1030 2143 1184 2238 propter
1284 2203 1291 2216 ,

108 2235 278 2334 vineam,
306 2241 340 2314 ta
362 2239 490 2316 allisam
509 2240 626 2312 vineae
648 2237 789 2332 sepem,
815 2239 1031 2315 &effossum
1047 2244 1092 2315 ab
1106 2242 1183 2338 ipso

110 2343 296 2431 torcular,
324 2340 357 2413 da
382 2336 592 2414 edificatam
617 2340 768 2433 turrim,
801 2339 835 2414 ts
859 2356 1013 2437 propter
1037 2338 1186 2441 servos,

108 2447 207 2536 'quos
234 2441 370 2533 habet,
405 2441 439 2512 ds
465 2460 559 2531 quos
585 2438 629 2513 ad
655 2440 830 2538 agricolas
854 2442 1002 2537 mittit,
1019 2462 1187 2539 quosque

109 2542 251 2633 majore
276 2560 426 2612 numero
452 2541 564 2612 altera
584 2540 669 2613 vice
692 2541 828 2637 mittit,
852 2540 967 2618 homo
984 2545 1187 2637 paterfami·
1294 2555 1296 2560 ’

109 2644 177 2715 lias
195 2640 414 2734 appellatur:
440 2638 475 2710 ta
486 2637 579 2730 quali
595 2638 847 2733 paterfamilias
858 2644 1023 2741 agricolis
1040 2645 1187 2732 vineam

112 2741 280 2821 tradidit,
308 2748 413 2829 quam
429 2740 473 2811 ab
488 2739 530 2811 iis
546 2738 675 2812 deinde
688 2742 847 2816 ablatam
864 2745 939 2815 aliis
955 2742 1066 2820 dedit
1094 2743 1186 2818 Rur-
1224 2807 1226 2812 .
1302 2794 1305 2798 «

113 2838 170 2915 fus
188 2859 282 2912 vero
305 2840 418 2911 homo
434 2836 686 2930 paterfamilias
703 2836 808 2933 supra
829 2833 942 2915 ditius
962 2842 1013 2916 est
1031 2844 1088 2918 his
1104 2864 1187 2918 ver·

114 2942 189 3013 bis:
221 2938 335 3010 Simile
360 2937 396 3034 esi
421 2944 507 3009 enim
535 2938 661 3033 sagnam
686 2942 827 3012 coelosum
850 2944 976 3012 homini
998 2944 1187 3039 patrifami-

112 3043 199 3130 lias,
227 3043 282 3137 qui
307 3042 387 3108 exiit
410 3042 513 3132 primo
538 3064 631 3140 inpane
655 3045 990 3139 conducese'operarios
1005 3047 1042 3115 ist
1057 3048 1189 3117 vascam
1233 3062 1235 3065 ’

107 3145 225 3232 suam,-
259 3138 315 3230 a,
341 3148 382 3210 ut
408 3136 681 3234 paterfamilias,
711 3134 855 3216 vineam
881 3141 1011 3236 habet,
1038 3143 1073 3217 ts
1097 3147 1189 3243 agri·

114 3240 217 3313 colas
235 3236 431 3328 conducit,
457 3241 839 3333 procuratoremitem
854 3242 978 3337 habet,
1005 3246 1063 3317 cui
1076 3245 1187 3320 'dicits

116 3342 204 3416 llrrca
228 3345 402 3433 operarios,
429 3335 468 3412 (5
496 3342 584 3410 rests
609 3343 674 3426 iilis
699 3321 881 3429 mercedem,
907 3349 1060 3441 rescipiens
1085 3373 1106 3417 a
1131 3372 1189 3418 no·
1275 3417 1281 3424 ,
1308 3357 1317 3366 ’

112 3434 256 3530 mfflms's
281 3440 433 3533 usquead
455 3442 582 3532 primos.
635 3438 675 3512 ln
690 3442 863 3533 parabola
878 3455 995 3517 autem
1012 3445 1057 3516 do
1070 3462 1187 3541 coena,
1281 3504 1283 3513 .

112 3540 148 3613 ts
172 3534 237 3611 filii
260 3538 365 3629 ipsius
386 3540 543 3629 nuptiis,
572 3536 785 3630 &vocatu,
811 3537 888 3614 non
912 3540 1188 3635 paterfamilias,
1210 3533 1217 3551 ¹

107 3638 173 3714 fed
188 3657 255 3709 rex
273 3634 383 3709 ditius
404 3634 473 3724 est3
499 3640 614 3729 maj0r
632 3642 765 3733 quippe
778 3638 831 3713 eii
848 3641 1115 3738 patrefamilias,
1129 3661 1188 3719 ut·

107 3751 205 3834 pote
229 3738 287 3829 qui
308 3738 506 3810 exercitum
530 3751 697 3829 tanquam
716 3760 779 3812 rex
803 3741 950 3834 mittat,
976 3764 1115 3837 eosque
1138 3745 1188 3819 de

108 3838 236 3917 medio
251 3835 380 3927 tollat,
408 3839 468 3925 qui
484 3834 608 3911 servos
625 3838 730 3932 ipsrus
751 3841 1130 3936 comprehenderunt,
1151 3844 1187 3918 dt

109 3936 342 4024 contumeliis
366 3932 589 4034 ffiscerunt,
616 3958 658 4013 ac
679 3938 924 4030 trucidarunt3
952 3940 986 4015 ts
1012 3955 1184 4034 tanquam
1290 3936 1298 3957 ”

1011 4041 1144 4138 aegia
1289 4078 1295 4084 -
