2800 4567
202 371 210 392 ι
252 321 314 408 lu
340 315 978 438 maru-unumuon.‘xv.-
1078 343 1147 432 ιη

141 494 288 570 steriore
314 493 358 566 ad
376 490 587 564 Corinthios
611 489 1049 585 declaramrdpostolus,
1074 492 1148 566 cui·

141 618 167 668 m
184 597 219 667 id
236 593 413 690 contingit
429 593 667 683 potiusfvel·
681 592 758 681 quis
773 592 910 686 majore
920 593 1069 683 juvatur
1089 612 1148 666 au·

141 698 197 785 io,
225 707 283 766 tot
298 711 492 784 pauperum
511 687 777 763 sublevatorum
794 711 920 783 preces
931 692 1148 766 exaudiente

141 816 198 881 τος
225 797 318 866 inter
334 812 424 881 quos
439 789 781 881 Apostolisfortasse
793 792 916 864 similes
932 789 1012 864 sunt
1027 793 1148 885 aliqui,

141 897 147 965 Ι
166 894 273 986 paulo
289 894 331 964 lis
347 907 445 962 certe
459 888 669 977 inferiorem
695 893 802 964 rebus
815 907 962 987 egentes
979 911 1150 983 corpora·

141 1016 204 1085 us,
230 991 319 1066 sicut
335 991 406 1072 illi,
434 987 669 1080 spiritualibus
686 1011 777 1065 vero
792 991 1038 1063 abundantes?
1074 993 1148 1082 Qui

141 1114 179 1188 po
197 1090 416 1165 sermonibus
434 1088 515 1184 Jesu
533 1090 728 1179 adductus,
757 1106 796 1160 ut
814 1088 991 1180 persestus
1007 1093 1150 1177 evadat,
1224 1134 1230 1144 -

141 1193 225 1264 ritiis
244 1188 430 1285 egestatem
445 1203 641 1280 permutat,
659 1192 687 1260 is
706 1187 892 1262 confestim
908 1191 1150 1283 adjuvabitur,

141 1285 184 1364 ud
200 1289 298 1363 secus
316 1310 357 1362 ac
375 1286 502 1361 Christi
521 1288 711 1381 Apostoli,
739 1306 779 1359 ut
796 1287 932 1380 sapiens
947 1294 982 1362 in
993 1289 1149 1373 Christo,

144 1391 273 1479 sortis,
301 1389 334 1461 dr
357 1388 531 1481 prud-ens,
559 1390 704 1461 &omni
722 1386 853 1485 affectu
871 1410 1010 1462 vacuus
1026 1388 1152 1463 efficia·

141 1512 159 1564 ,·.
219 1491 292 1580 At,
323 1491 382 1578 qui
408 1489 584 1580 ejusmodi
605 1489 882 1581 explicationem
907 1493 1029 1561 tuendi
1052 1491 1154 1581 hujus

141 1591 164 1662 :i
181 1590 293 1685 gratia
312 1589 498 1681 proferet,
522 1589 666 1661 minime
687 1586 918 1661 necessarium
943 1587 1012 1662 effe
1036 1591 1154 1681 dicet,

145 1687 229 1783 ipso
252 1688 328 1778 die,
355 1709 428 1780 quo
446 1690 522 1779 quis
545 1693 642 1760 bona
659 1686 717 1761 sua
738 1689 918 1774 vendidit,
945 1690 1157 1780 &pauperi-

142 1787 373 1879 sdistribuit,
399 1791 433 1860 id
459 1790 671 1882 contingere
693 1789 800 1860 nobis
827 1789 946 1886 animo
970 1786 1158 1883 fingamus,

141 1892 152 1961 l
169 1889 291 1960 abillo
310 1883 454 1960 sortasse
472 1888 528 1958 die
542 1891 638 1959 bunc
655 1888 697 1959 ad
712 1910 753 1959 ea
772 1887 950 1960 deducere
964 1890 1085 1960 divina
1099 1909 1159 1961 can

148 1990 318 2080 incipiet3
352 1988 563 2058 laudabilem
582 1988 675 2058 illam
698 1990 744 2058 'ab
761 1985 943 2060 affedtibus
960 1989 1159 2062 immunita·

141 2110 169 2162 m
192 2088 275 2159 dico
302 2086 336 2157 δι
360 2090 584 2180 omnigenam
598 2088 797 2158 uirtutem:
823 2088 952 2160 deinde
970 2108 1063 2159 vero
1084 2102 1161 2168 tau·-

145 2210 199 2262 am
218 2188 313 2259 lsaac
334 2185 581 2279 proficiens&
602 2177 791 2276 crescens,
817 2202 970 2282 propter
990 2189 1161 2264 collatura

141 2288 157 2361 i
175 2310 195 2359 a
211 2286 297 2359 Deo
314 2285 350 2358 in
369 2284 510 2359 Christo
531 2287 792 2378 adjumentum,
817 2287 933 2377 major
946 2288 1027 2368 erit,
1044 2289 1163 2361 donec

148 2387 250 2460 omni
262 2386 399 2457 virtute
414 2387 674 2459 incrementum
693 2388 857 2477 capiens,
884 2384 978 2457 erasa
994 2408 1038 2458 ex
1058 2386 1162 2478 ipsius

141 2490 215 2560 ima
232 2489 330 2559 omni
347 2488 524 2576 nequitia,
551 2486 657 2558 valde
674 2507 820 2581 magnus
838 2485 973 2559 existat.
999 2486 1037 2558 N
1041 2508 1083 2558 ec
1100 2508 1164 2568 ve·

141 2625 143 2645 ·
163 2587 224 2679 qui
242 2586 612 2678 expositionemhanc
632 2587 837 2671 tradiderit,
863 2588 983 2659 dicere
999 2602 1165 2681 cogetur,
1248 2672 1250 2676 ,

141 2686 286 2762 >minem
310 2688 443 2777 alioqui
460 2686 618 2778 peccatis
635 2685 795 2760 deditum
811 2707 857 2758 eo
874 2684 951 2778 ipso
968 2685 1166 2779 persedum

141 2787 270 2860 tadere.
979 2831 981 2834 -

184 2894 239 2965 18.
268 2885 372 2957 Alter
389 2897 506 2957 autem
522 2886 558 2957 in
573 2880 803 2957 fids-fortasse
820 2905 895 2957 non
910 2881 1089 2976 constans,
1100 2882 1179 2966 sen·v

144 3009 160 3061 s
176 2987 389 3058 reconditos
406 2984 615 3078 penetrandi
632 2983 771 3070 studio,
792 2985 940 3058 forsitan
955 2984 1058 3055 etiam
1071 2979 1175 3080 'cogi-

141 3090 284 3159 tionum
312 3085 396 3156 Deo
424 3085 607 3179 dignarum
635 3083 851 3159 sublimitate
879 3081 981 3175 super
994 3084 1055 3156 bis
1078 3085 1169 3176 locis

141 3186 246 3259 raesrta
261 3187 365 3258 ab-eo
382 3185 415 3255 &
430 3199 584 3277 reperta,
596 3182 717 3257 relisis
734 3187 853 3257 littera
867 3185 910 3257 ad
925 3185 1172 3280 tropologiam

141 3285 296 3375 tendet,
322 3284 472 3356 &dicet
491 3288 586 3356 bona
607 3286 887 3376 uniuscujusque
911 3305 952 3357 ea
966 3280 1064 3369 esse,
1093 3301 1170 3373 quar

144 3407 205 3460 um
220 3382 300 3476 post
315 3383 491 3456 excessum
515 3373 923 3476 consequuntur3.·arle'o
948 3396 989 3454 ut
1001 3384 1081 3473 justi
1106 3386 1172 3456 bo-

141 3507 162 3560 s
189 3483 334 3577 affluant
360 3483 625 3574 facultatibus,
650 3479 851 3560 contrariis·
877 3503 971 3555 vero
1004 3484 1173 3576 improbi.

144 3586 179 3657 ic
195 3603 284 3679 ergo
299 3584 448 3658 divitem
463 3584 576 3656 multa
589 3582 822 3675 polsrdentem
838 3585 937 3656 bona
952 3598 1079 3675 typum
1097 3567 1173 3675 eide

141 3683 314 3776 sedicet,
341 3685 401 3773 qui
426 3682 594 3773 nequitiis
618 3684 739 3756 multis
763 3684 941 3772 abundat3
975 3684 1069 3756 inter
1090 3700 1176 3775 quaa

141 3785 319 3857 initiarum
339 3803 461 3875 amor,
489 3782 611 3878 gloriae
628 3782 823 3875 cupiditas,
848 3783 885 3856 st
899 3805 955 3856 res
972 3784 1046 3857 aliae
1064 3781 1178 3857 term·

141 3907 166 3956 ae
182 3884 289 3957 bonis
306 3883 600 3977 vituperabilibus
616 3884 766 3957 animam
782 3882 886 3976 ipsrus
902 3883 1085 3973 replentes
1095 3897 1180 3964 cen·

141 3980 362 4081 adpellunt.
388 3983 574 4085 Quoniam
589 4002 692 4158 ὅτευ,
708 3983 768 4076 qui
781 4003 823 4096 ea
839 3985 983 4058 ratione
998 3982 1105 4060 diues
1116 3979 1195 4071 eb,

657 4104 679 4178 5
947 4131 951 4140 -
1136 4098 1166 4147 ’ὁ
