2800 4567
280 295 360 374 ·IN
384 293 753 372 MATTHAEUM
778 292 898 373 Tou.
924 293 1027 373 XV..
1114 319 1183 393 271

129 464 206 556 dit,
230 480 301 557 pro
320 481 386 547 eo,
412 458 509 549 quod
526 469 612 530 toto
626 456 684 529 die
699 456 875 548 patienter
892 454 1068 549 steterint,
1094 456 1190 542 &ad

127 563 316 657 vesperam
331 557 440 649 usque
450 555 711 636 ,condudiorem
726 556 1001 650 espessaverint.
1045 557 1188 631 Deinde

129 684 225 737 vero
253 681 333 733 curn
355 655 557 751 appetiisset
581 653 751 748 vespera,
785 658 857 730 hoc
880 656 951 748 est,
984 655 1118 748 seculi,
1153 657 1188 730 dt

132 759 405 836 commemorati
428 759 463 830 in
480 756 649 850 parabola
671 755 740 838 diei
758 755 1034 847 consummatio,
1060 775 1189 849 procu·

130 863 247 936 ratori
265 857 328 932 suo
344 859 393 928 ait
408 855 604 944 meinus,
630 853 705 927 srve
721 856 822 928 alicui
840 877 886 928 ex
903 856 1033 950 angelis
1054 875 1189 927 merce·

135 963 219 1036 dum
238 949 486 1052 dispensationi
502 951 692 1050 prefecto,
709 952 782 1027 frve
797 956 859 1028 uni
878 955 1027 1047 cuipiam
1043 956 1087 1027 de
1100 953 1190 1028 mul·

134 1063 182 1133 tis
208 1055 474 1150 dispensationis
501 1073 619 1125 curam
645 1055 848 1146 gerentibus
875 1055 1189 1146 procuratoribus,

134 1157 431 1254 quemadmodum
454 1153 514 1226 sub
528 1153 710 1225 tutoribus
728 1153 760 1237 dt
775 1152 951 1226 actoribus
971 1151 1040 1226 esse
1059 1154 1189 1226 dicitur

132 1260 265 1349 haeres,
294 1255 457 1346 quamdiu
475 1253 643 1344 parvulus
663 1249 724 1327 est.
783 1250 838 1325 Ex
854 1251 1108 1345 patrisfamilias
1126 1255 1191 1349 igi·

121 1359 197 1430 ''tur
221 1355 393 1429 mandato·
416 1353 602 1444 operarios
628 1349 775 1424 accersrt
800 1366 1035 1444 procurator,
1061 1369 1102 1426 ut
1125 1374 1193 1445 po-

123 1456 270 1530 ·stremo
293 1456 381 1526 loco
407 1452 685 1546 primiamerces
710 1464 901 1546 erogetur:
931 1452 1034 1544 primi
1060 1456 1192 1546 quippe

135 1554 293 1648 operarii
309 1552 562 1649 tessimoniufider'
569 1549 692 1645 probati
712 1576 777 1621 non
792 1569 972 1647 acceperunt
986 1554 1191 1647 repromrffiu·

134 1679 226 1742 arem,
256 1660 322 1724 Der
332 1673 388 1748 pro
402 1653 510 1736 uasis,
536 1652 593 1741 qui
609 1649 699 1722 hora
716 1651 901 1726 undecima
917 1653 1040 1726 vocati
1060 1652 1192 1749 sumus,

135 1756 244 1826 mesina
263 1753 383 1849 aliquid
397 1753 600 1846 providente,
626 1766 664 1818 att
683 1773 750 1820 nun
761 1752 827 1843 fine
843 1753 931 1821 nobis
946 1755 1192 1839 consummarent·

136 1871 205 1928 tar.
241 1846 306 1936 ¹Et
325 1851 424 1942 quod
449 1863 533 1922 toto
558 1848 615 1921 die
635 1846 852 1944 steterimus,
879 1849 912 1923 dr
936 1850 1194 1930 candidiorem

137 1954 182 2028 ad
199 1971 268 2026 nos
285 1953 411 2024 venire
428 1947 695 2041 optaverimus,
722 1947 755 2020 dr
773 1948 878 2023 otiusr
893 1950 1073 2044 fuerimus,
1093 1955 1196 2028 &da-

138 2067 176 2127 ta
191 2045 421 2125 excusatione
437 2047 531 2145 digni
550 2046 661 2120 habiti
674 2045 798 2140 simus,
820 2051 945 2138 quibus
959 2072 1049 2144 opus
1065 2053 1197 2129 facien·

139 2153 223 2227 dum
246 2145 465 2240 traderetur,
492 2155 685 2238 propterea
699 2142 973 2222 misericordiam
994 2155 1195 2226 commovi-

125 2272 236 2341 mus,
265 2270 331 2339 qua
347 2262 544 2338 commota,
552 2246 754 2319 mercedem
770 2245 891 2337 priore
906 2252 991 2326 loco
1010 2271 1077 2323 nos
1093 2252 1194 2326 Chri·

138 2351 178 2424 sti
206 2343 394 2440 discipulos
421 2347 613 2439 adepturos
640 2341 833 2437 speramus.-
860 2361 934 2421 tum
961 2348 1088 2423 deinde
1112 2373 1200 2446 pro·

139 2447 310 2548 greffione
325 2443 434 2538 fasta,
461 2443 662 2518 mercedem
678 2445 719 2516 iis
736 2447 923 2542 largietur,
950 2450 1008 2539 qui
1028 2472 1118 2543 opus
1136 2473 1196 2525 an·

138 2563 177 2622 te
189 2553 265 2620 'nos
281 2546 453 2628 fecerint,
479 2560 585 2635 atque
599 2544 648 2616 eis
666 2545 913 2638 postmodum,
940 2553 998 2641 qui
1015 2553 1096 2625 illos
1111 2573 1200 2645 prae·

140 2645 329 2735 cesserint,
357 2644 453 2736 &stc
469 2646 587 2717 donec
602 2644 644 2715 ad
666 2646 799 2735 primos
814 2652 1033 2739 pervenerit.
1066 2652 1100 2722 Si
1117 2653 1196 2741 quis

127 2761 259 2820 autem
273 2747 415 2832 locum,
442 2748 476 2816 in
492 2763 565 2834 quo
581 2747 870 2817 commorabatur
887 2745 1039 2836 Samuel,
1058 2751 1198 2844 perspe-

140 2845 234 2919 &um
258 2846 439 2932 habuerit,
467 2843 559 2914 drea
579 2839 727 2926 deinde,
755 2847 897 2933 quaead
921 2849 1109 2922 accersitos
1133 2871 1197 2922 un·

140 2947 278 3020 decima
304 2943 394 3015 hora
420 2942 605 3033 operarios
631 2941 834 3032 pertinent,
866 2945 919 3016 his
939 2947 1199 3037 consequenter

126 3044 393 3139 perpenderit3
419 3055 493 3114 tum
508 3040 647 3113 demum
664 3041 801 3113 videbit
817 3043 971 3134 iiie,qno
988 3046 1197 3142 paetopon·

140 3146 206 3217 dus
224 3143 341 3220 diei&
360 3140 477 3213 aestum
496 3141 745 3212 toleraverunt
763 3143 884 3234 primi:
911 3161 947 3216 at
958 3145 1017 3236 qui
1027 3148 1119 3218 circa
1132 3167 1197 3222 un·
1232 3222 1234 3226 ,

125 3244 312 3317 ‘decimam
328 3240 485 3312 accersiti
505 3239 603 3328 sunt,
630 3259 706 3311 non
721 3240 809 3313 srcut
827 3241 875 3313 ilii
893 3245 1037 3335 quidem
1049 3247 1197 3338 pondus

140 3343 212 3415 diei
227 3343 261 3412 &-
277 3339 393 3411 aestum
411 3339 668 3428 sustinuerunta
696 3355 733 3412 at
750 3342 890 3433 pondus
902 3344 1003 3436 illud,
1020 3344 1053 3417 fe
1069 3367 1198 3439 nempe

139 3438 281 3515 otiosos
291 3437 431 3530 stetiffe,
442 3436 690 3512 sustinuerunt.
741 3445 943 3532 Antequam
962 3465 1047 3540 argo
1067 3446 1108 3518 ad
1129 3465 1199 3521 not

127 3534 337 3614 advenisset
360 3538 559 3627 Dominus,
586 3538 645 3627 qui
669 3539 775 3613 nobis
801 3541 1126 3634 diastematum
1148 3570 1195 3617 rae

140 3663 267 3723 omme,
292 3644 350 3735 qui
369 3640 519 3708 laboratis
540 3636 578 3711 di
601 3645 726 3709 onerati
744 3640 830 3730 essia,
853 3648 891 3716 U
908 3666 956 3733 ege
972 3645 1199 3735 reficiam-vm

141 3736 374 3836 (onurenim
396 3753 472 3810 erat
493 3737 621 3828 otiari,
649 3758 718 3810 nec
746 3739 873 3835 dignos
900 3740 1030 3835 uspiam
1054 3742 1201 3833 censeri,

129 3845 160 3911 'a
185 3840 313 3931 quibus
338 3836 375 3908 in
403 3836 602 3910 excolenda
631 3839 735 3912 vinea
761 3842 1099 3931 opus'conseratur.
1135 3841 1202 3917 ·Et

131 3937 258 4016 'esium
272 3937 423 4033 quidem
447 3935 785 4034 dieiunusquisque
805 3957 873 4034 pro
898 3944 1110 4058 secationis·
1132 3940 1202 4017 suae

189 4077 215 4084 --
382 4093 385 4097 .
912 4090 916 4100 1
1044 4056 1164 4115 tatto-
