2800 4567
306 276 371 356 IN
394 261 768 352 MATTHAEUM
802 270 921 376 Ten,
940 273 1081 358 XVII.
1149 289 1223 379 465

233 462 290 534 23.
318 440 370 512 At
387 439 446 529 qui
460 438 600 532 priores
619 417 761 512 invitati
780 436 980 533 sunt,quas1
996 444 1124 519 mentis
1140 443 1219 521 ine-

156 563 246 640 pes,
269 541 492 633 neglexerunt,
519 537 558 614 si
575 537 738 626 abierunt,
763 557 879 613 rerum
903 540 1037 618 suarum
1063 544 1218 647 satagen.

155 657 235 730 tes,
261 641 374 729 iisque
394 638 502 735 magis
519 635 701 717 deleturi,
728 657 830 728 quatu
846 661 922 730 quc
943 640 1001 713 sibi
1018 666 1037 715 a
1053 665 1136 739 rege
1151 670 1216 740 per
1264 694 1270 704 -

155 738 277 817 missos
296 739 419 811 seruos
435 736 600 832 promissa
614 737 767 810 fuerant.
792 736 896 811 Nota
914 755 1045 834 autem,
1063 747 1216 836 aliquem

153 861 204 912 ex
227 841 268 912 iis
290 836 495 930 villamusrbi
519 837 752 929 possidentem
772 837 815 909 ad
833 841 973 930 nuptias
994 837 1215 937 non'iviise3

155 941 255 1013 huuc
282 951 400 1010 autem
426 937 665 1033 negotiationi
692 933 850 1011 deditum
879 961 920 1011 ea
948 941 1216 1030 quodammodo

155 1040 287 1112 imitari
313 1033 488 1127 voluisse,
522 1057 599 1126 quae
625 1038 662 1108 in
687 1037 857 1128 parabola
884 1037 928 1134 de
952 1043 1217 1136 margaritarum

153 1150 360 1214 mercatore
385 1135 575 1216 dicuntur,
602 1135 766 1229 pulchras
793 1153 973 1226 quarente
991 1145 1216 1235 margaritas,

155 1239 217 1330 qui
233 1239 381 1309 invente
396 1232 550 1330 pretiosa
566 1255 653 1318 una,
670 1235 789 1327 plures
808 1238 891 1310 alias
909 1239 1098 1330 vendit,ut
1110 1263 1218 1317 unam

153 1339 251 1422 iilam
267 1347 456 1409 mercetur.
505 1334 642 1408 Verum
657 1332 806 1406 infausta
824 1339 864 1408 ea
883 1336 933 1408 est
949 1341 1164 1433 negotiatio,
1173 1344 1218 1415 ad

145 1457 261 1528 ,quam
278 1436 419 1523 abiens,
446 1434 506 1524 qui
519 1433 691 1506 invitatus
710 1432 779 1527 est,
807 1437 918 1526 parati
935 1457 1052 1534 arege
1066 1442 1216 1531 prandii,

152 1532 428 1624 occisorumque
456 1549 639 1605 taurorum
667 1533 699 1604 dt
727 1533 902 1624 altilium,
938 1549 1218 1630 paratorumque

151 1633 315 1708 omnium
335 1633 513 1726 particeps
531 1653 607 1704 oon
625 1631 703 1706 fuit.
755 1631 811 1704 Ex
830 1635 871 1705 iis
888 1655 989 1728 ergo,
1009 1637 1066 1726 qui
1087 1638 1219 1730 perspi·

153 1736 308 1806 cacitatc
325 1735 482 1825 pollent,
498 1743 683 1823 quotquot
695 1732 839 1804 invitati
860 1754 934 1804 non
954 1735 1215 1830 obsequuntur,

152 1834 282 1907 seruos
310 1845 429 1912 tamen
453 1832 497 1902 ad
523 1829 727 1903 vocandum
753 1829 872 1904 missos
896 1837 1113 1910 contumelia
1140 1857 1218 1911 non

156 1931 338 2017 afliciunt,
363 1930 693 2021 neque-trucidant,
719 1930 979 2003 moderatiores
996 1932 1037 2003 iis
1051 1931 1145 2026 sunt,
1156 1938 1219 2024 qui

154 2031 443 2125 talia-'designare
461 2028 606 2102 suerunt
625 2028 712 2116 ausi,
739 2050 781 2101 ac
806 2033 1001 2120 aquiesce,
1028 2031 1061 2102 &
1087 2035 1115 2104 is
1143 2040 1219 2124 qui-

154 2132 235 2205 dem
254 2131 290 2202 in
309 2149 427 2222 agrum
447 2127 558 2205 strum,
576 2129 636 2200 ille
653 2149 744 2200 vero
765 2128 807 2199 ad
822 2131 1105 2224 negotiationem
1123 2133 1217 2208 suam

154 2228 358 2325 quiescendi
375 2226 690 2301 causa'conteodit.
715 2223 856 2318 Reliqui
874 2250 964 2300 vero
981 2231 1218 2322 preteristos,

156 2333 299 2422 quinam
316 2328 403 2418 fine,
429 2328 633 2414 vinearum
660 2329 696 2400 hi
711 2327 795 2400 mihi
812 2326 893 2400 sane
909 2330 952 2400 ad
969 2331 1219 2405 contentiosos

154 2429 338 2508 sermones
357 2425 610 2520 captiososque
624 2425 812 2498 struendos
829 2425 898 2500 sese
913 2427 1079 2502 demisisse
1094 2431 1221 2503 viden·

154 2544 236 2616 tur3
266 2531 301 2600 in
323 2528 449 2618 quibus
465 2524 584 2598 missos
606 2524 744 2607 seruos,
762 2525 805 2599 ad
816 2525 992 2599 solvenda
1010 2526 1221 2619 sophiiinata

153 2630 301 2703 minime
321 2639 463 2720 paratos
484 2645 526 2696 ac
543 2625 769 2718 superantes,
799 2627 857 2696 uei
879 2625 1041 2718 superare
1064 2629 1127 2701 visi
1153 2651 1220 2702 vo-

153 2728 312 2801 cationis
330 2722 506 2797 ministr'os
526 2724 754 2796 contumeliis
773 2722 939 2799 afficiunt.
993 2725 1048 2796 Ac
1065 2747 1128 2799 eos
1146 2731 1222 2817 qui-

149 2829 259 2918 dem,
294 2826 352 2916 qui
388 2824 591 2895 divinorum
625 2821 827 2895 sermonum
861 2823 1063 2896 tradationi
1094 2824 1222 2899 audiui

150 2927 262 3003 sunt,
289 2925 321 2996 de
340 2925 421 2995 iilos
442 2941 522 2995 curn
541 2921 709 3010 sapientia
724 2923 846 3004 divina
862 2923 1053 3012 predicare
1067 2927 1224 3016 voiunt,

147 3050 174 3100 a
191 3025 283 3096 viris
303 3023 433 3118 ingenii
451 3023 613 3094 acumine
633 3021 802 3114 preditis,
819 3023 963 3091 veritati
981 3035 1097 3094 autem
1114 3020 1224 3101 fidem

151 3121 437 3199 accommodare
447 3121 654 3192 nolentibus
671 3120 797 3210 injuria
811 3118 959 3193 affeiios
974 3121 1099 3195 videre
1113 3124 1220 3210 licet3

152 3224 359 3300 nonnullos
386 3222 494 3291 etiam
523 3222 566 3290 ab
590 3220 632 3290 iis
656 3218 892 3309 interseiios,
924 3219 1050 3311 quibus
1070 3241 1132 3292 rex
1149 3221 1223 3294 suc·
1327 3249 1329 3254 ·

154 3320 305 3398 censere
325 3321 475 3410 dicitur,
508 3315 695 3412 postquam
715 3318 886 3389 uidelicet
899 3318 962 3399 id,
989 3319 1089 3406 quod
1105 3321 1157 3392 ira
1174 3323 1224 3395 di-

151 3426 278 3512 citur,
302 3421 339 3490 in
357 3440 420 3490 eos
433 3419 652 3510 pervenerit.
705 3415 767 3488 stae
785 3429 903 3490 autem
920 3415 1069 3490 effeetus
1082 3419 1143 3492 ille
1161 3420 1225 3500 eu.

155 3523 255 3618 regis
282 3519 478 3591 exereitum
499 3516 621 3606 mitti,
647 3514 797 3587 coelestis
816 3537 945 3608 nempe
965 3518 1143 3590 exercitus
1162 3540 1226 3590 eo·

156 3623 259 3716 pias,
283 3619 345 3689 vel
362 3611 549 3707 profestos
569 3614 748 3704 suppliciis
768 3616 931 3710 angeios:
965 3616 1000 3687 hi
1023 3631 1142 3689 autern
1161 3620 1227 3692 mi·

158 3717 354 3796 sistrorum
373 3715 486 3787 Verbi
504 3711 754 3787 interfectores
775 3713 820 3785 de
837 3713 958 3787 medio
974 3714 1124 3806 toilunt,
1150 3719 1228 3789 uni·

158 3814 1016 3906 versamqueeorumciuitatemrexconcremat3
1039 3813 1229 3904 namquast

159 3918 350 3992 civitatem
366 3912 549 4007 quamdam
561 3911 599 3984 de
611 3911 869 3988 eoueuionen
885 3911 1057 4010 sigillatim
1067 3911 1228 3986 efficiunt

216 4021 368 4113 Origenes
397 4009 484 4089 Tem.
512 4015 580 4090 ΧΙ.
782 4009 818 4083 G
825 4031 850 4108 g
1089 4031 1180 4089 cou-
