2800 4567
180 401 183 407 ¹
278 296 1053 404 rumnxaxmumxomxvrr..
1114 294 1186 393 507
1230 265 1234 273 ’

123 483 205 542 tura
220 465 289 541 effe
308 465 528 556 sequebatur.
581 461 736 557 Quodsi
757 467 895 536 norum
916 481 1004 557 ergo
1024 460 1189 535 sarculum

122 570 305 662 speratur,
332 566 383 649 dt,
410 578 451 635 ut
471 564 560 636 dixit
575 561 701 653 lsaias,
729 565 794 630 cerr
811 569 905 652 moi,
932 562 1072 638 &terre
1088 586 1186 649 nova,

125 672 159 741 u
177 683 217 740 ut
240 670 275 739 in
298 665 488 758 evangelio
507 663 674 753 scriptum
695 659 768 752 est,
793 662 877 730 calix
893 668 973 734 novi
990 663 1188 753 testamenti,

126 791 147 841 a
170 788 269 841 nova
288 769 421 857 opinor
437 766 515 835 vite
536 755 740 853 expressus,
774 759 910 857 diversa
927 762 1094 855 profecto
1116 760 1188 838 effe

128 883 307 959 oportet,
344 865 376 935 u
401 884 488 934 vere
507 867 636 952 beata,
663 857 893 952 quaecumque
915 866 958 934 ad
984 866 1095 935 vitam
1115 863 1187 933 ittie

125 963 381 1038 traducendam
405 964 647 1055 pertinebunt.
710 961 1021 1057 Quemadmodum
1047 975 1187 1053 autem,
1272 1037 1277 1045 ,

127 1067 179 1140 itt
197 1079 237 1134 ut
249 1064 358 1156 ipsum
377 1061 745 1147 delaravitVerbum,
773 1082 817 1131 ex
836 1082 901 1144 eo,
930 1062 1027 1151 quod
1043 1082 1137 1133 uxor
1154 1062 1188 1131 δι

127 1166 186 1239 vit
204 1163 352 1253 forent,
376 1178 517 1253 patrum
536 1180 679 1251 quoque
701 1156 795 1232 filios
815 1158 884 1232 effe
903 1159 1136 1249 sequebatur,
1153 1160 1187 1231 tr

127 1264 257 1344 fratres
276 1262 446 1351 fratrum,
480 1262 513 1333 dt
532 1275 698 1332 natorum
720 1279 877 1347 matres3
903 1281 1026 1333 nonne
1044 1261 1118 1352 pari
1135 1280 1188 1330 ra·

127 1366 231 1438 tione
252 1383 297 1436 ex
321 1382 398 1453 eo,
423 1360 520 1452 quod
547 1380 663 1449 neque
684 1380 778 1431 uxor
799 1358 869 1448 sat,
894 1381 1012 1451 neque
1028 1361 1112 1450 vir,
1139 1357 1189 1431 se·

129 1465 251 1557 quitur
268 1470 413 1551 quoque
429 1480 497 1532 nec
515 1472 675 1550 patrem,
701 1479 770 1529 nec
793 1473 962 1545 matrem,
989 1481 1057 1532 nec
1080 1479 1189 1550 quos·

102 1579 105 1584 ·
129 1582 235 1654 quam
251 1560 378 1636 fratres
395 1560 551 1652 invitem
572 1558 738 1638 futuroaa
765 1571 871 1647 atque
888 1559 922 1630 id
944 1557 1096 1638 fortasse,
1110 1579 1189 1631 non

131 1659 254 1752 quoad
277 1662 397 1732 futura
419 1657 554 1745 solum,
588 1657 645 1729 sed
673 1660 706 1729 dr
730 1658 848 1749 quoad
869 1657 1083 1749 praeterita?
1109 1658 1188 1730 lllie

86 1773 89 1786 '
132 1764 227 1838 enim
245 1761 351 1840 ,nulla
375 1759 602 1852 cognationis
629 1755 817 1829 secundum
841 1777 982 1831 carnem
1006 1758 1098 1850 apud
1122 1778 1189 1829 eos

131 1863 376 1950 etitmentio,
403 1861 461 1949 qui
485 1858 557 1944 hoc
574 1854 670 1932 redte
693 1857 914 1949 intelligunt:
941 1861 995 1930 Ne
1008 1854 1191 1929 memineri-

131 1966 178 2035 ris
190 1965 351 2056 priorum,
377 1958 413 2032 dt
432 1964 567 2053 antiqua
577 1982 615 2025 ne
631 1961 841 2043 intueamini,
866 1982 927 2028 erre
939 1983 988 2049 ego
1002 1956 1084 2045 facio
1103 1983 1191 2027 navo

131 2066 262 2144 omnim
289 2057 436 2149 &juxta
447 2057 533 2128 iilud
550 2058 586 2129 in
598 2056 721 2129 futuro
734 2055 860 2134 saecuto
878 2058 1070 2134 Abrahami
1088 2055 1189 2151 pate'r

131 2179 211 2235 non
227 2157 364 2230 dicetur
376 2155 412 2227 T
413 2158 521 2243 hare;
545 2176 662 2246 neque
672 2155 845 2247 ismaelis,
872 2158 1113 2249 aliorumque,
1129 2160 1191 2247 qui

131 2280 177 2332 ex
202 2255 332 2336 Cetura
359 2256 562 2330 Abrahamo
586 2256 660 2327 nati
680 2255 785 2347 sunt,
817 2276 886 2329 nec
908 2253 1013 2331 Isaaei
1043 2254 1196 2330 fortaffe.

131 2357 339 2448 Abraham
366 2358 509 2447 antiqua
534 2355 626 2428 enirn
650 2356 813 2428 obsoleta
834 2355 934 2443 sunt,
962 2356 1100 2430 &tunc
1120 2356 1193 2428 fot-

131 2455 219 2536 taffe
239 2458 400 2528 dicetur:
429 2459 505 2526 Ecce
513 2454 606 2547 satia
618 2458 701 2543 sunt
720 2461 826 2527 omnia
844 2481 941 2530 nova.
991 2456 1050 2529 Au
1070 2472 1190 2530 autem
1293 2459 1295 2463 ’

88 2573 98 2584 ·
134 2561 255 2646 aliquo
276 2557 369 2645 alio,
397 2575 499 2643 quarn
515 2555 705 2629 secundum
717 2576 861 2630 carnem
879 2555 990 2631 modo
1006 2556 1115 2629 frater
1131 2558 1193 2628 ali·

134 2658 215 2747 quis
229 2654 301 2743 est,
328 2653 361 2726 ἃ
379 2655 450 2726 alio
464 2656 605 2747 aliquo,
628 2665 735 2747 'quam
752 2675 816 2747 pet
830 2657 1101 2751 generationem
1113 2677 1195 2728 mo·

135 2757 185 2832 do
203 2752 354 2847 pater&
378 2750 493 2843 filius,
519 2775 594 2829 non
617 2756 773 2830 mulieris
792 2775 888 2847 ope,
914 2776 1033 2844 neque
1054 2754 1192 2828 obscoe-

133 2875 260 2935 narum
275 2857 439 2946 corporis
457 2856 639 2946 partium,
667 2852 725 2934 sed
743 2854 928 2946 quomodo
944 2873 1012 2947 pto
1030 2869 1107 2928 rata
1122 2855 1194 2927 Dei

105 3019 116 3025 „
133 2953 227 3031 filius
245 2949 296 3026 est
310 2951 528 3044 Sospitam,
554 2954 838 3046 animadvertet,
865 2955 925 3047 qui
940 2954 1016 3027 haec
1029 2953 1125 3034 reete
1141 2956 1194 3033 in-

136 3052 310 3149 vestigate
325 3072 367 3127 ac
381 3054 498 3127 rimati
513 3055 668 3146 poterit,
695 3054 728 3125 dt
742 3055 874 3151 spiritus
893 3060 1000 3126 omnia
1014 3056 1192 3140 scrutantis
1258 3123 1267 3136 ,,

135 3158 233 3224 eriam
251 3152 417 3249 profunda
437 3156 501 3223 Dea·
520 3173 632 3245 capax
651 3152 772 3226 fuerit.
828 3152 910 3249 Ego
928 3174 1020 3227 vero
1041 3175 1118 3230 non
1144 3154 1194 3230 dl·

134 3250 277 3328 versum
301 3247 338 3325 in
356 3253 411 3325 his
432 3253 562 3344 aliquid
587 3252 782 3346 duntaxat,
809 3254 951 3343 &quasa
966 3257 1193 3348 equivocum

135 3352 325 3447 intelligo,
351 3352 395 3423 de
419 3350 550 3442 fratre,
577 3353 759 3448 &patre,
786 3375 827 3428 ao
850 3355 928 3431 filio
950 3355 1107 3446 loquor,
1133 3353 1194 3434 seat
1260 3424 1263 3450 ,

136 3453 174 3530 in
191 3450 307 3527 'uxore
332 3452 437 3526 etiarn
457 3473 498 3525 ac
520 3453 614 3530 viro.
675 3455 715 3524 In
737 3452 961 3533 resurretione
986 3460 1071 3531 enim
1098 3475 1194 3534 tuor·

137 3566 286 3630 tuorum
312 3571 438 3629 verum
459 3551 546 3628 illud
562 3550 636 3641 est,
667 3578 764 3651 neque
780 3556 926 3638 trudunt,
950 3579 1047 3650 neque
1064 3557 1196 3629 nubun-
1238 3569 1242 3579 '

141 3650 223 3742 tur,
243 3652 296 3739 sed
321 3653 397 3737 [unt
412 3652 492 3747 ficut
514 3654 618 3745 angeli
638 3659 701 3736 Dei
724 3654 871 3748 r'rrcoe103
898 3673 1023 3728 verum
1047 3676 1193 3746 quoque

142 3752 175 3827 dt
201 3752 316 3830 illud,
343 3754 440 3841 quod
459 3752 551 3842 quast
568 3754 603 3823 in
628 3756 796 3847 parabola
817 3754 862 3826 de
882 3754 1042 3845 nuptiis,
1069 3758 1110 3828 ab
1129 3757 1193 3849 iis,

142 3876 221 3943 quae
237 3851 337 3945 supra
355 3864 481 3931 terram
500 3848 610 3942 fiunt,
630 3857 734 3946 plane
749 3854 893 3932 diversit
909 3854 1037 3934 uittam
1054 3853 1104 3932 est
1119 3854 1194 3932 hoo

142 3956 250 4036 locut
275 3950 573 4061 territesaurmefl
590 3978 716 4055 regnaret
733 3956 1010 4033 interemtorum·
1024 3958 1113 4151 ἐφ’,
1138 3958 1195 4056 qui

1044 4078 1149 4127 attens,
