2800 4567
127 387 133 404 ,
225 311 229 317 ·
300 244 1088 382 'tuuauuuuuu‘uoumu
1169 313 1240 389 cst

169 459 305 535 citibue
323 461 541 538 circumdata
556 459 607 538 est
619 460 840 559 Jerusalem,
866 460 898 535 dr
914 460 1047 557 ingruit
1063 458 1157 531 illiue
1174 476 1236 530 ve·

166 559 287 652 stitus,
313 562 465 633 &domus
480 584 606 636 eorum
628 562 749 654 dimrffir
768 564 807 658 est
823 563 867 634 ab
886 582 951 652 ea,
976 563 1015 637 0
1033 556 1179 631 derasisse
1193 550 1233 651 eli

159 664 240 755 filie
262 663 345 732 Se'en
362 647 381 754 ‚⁸
390 664 474 759 ficut
487 664 697 735 umbraculum
714 669 754 733 im
769 666 895 748 virere,
921 661 961 737 (s
972 661 1055 754 ficut
1070 663 1235 752 tugurium
1313 744 1315 748 Ι

161 767 204 832 -e‘u
224 769 464 854 cucumerario,
490 764 528 841 σ
547 764 625 855 ficut
642 768 781 841 civitas,
813 786 882 859 que
901 761 1077 857 reficietur.-
1102 758 1234 832 eodem

167 874 289 934 autem
302 875 484 957 ‘tempore
508 866 665 937 libellum
684 862 823 955 repudii
844 863 958 956 priori
980 860 1088 934 uxori
1110 859 1232 931 avito
1291 855 1298 876 ⁸

167 959 433 1053 conscriptum,
461 963 494 1035 de
511 964 547 1037 iu
562 986 685 1037 manus
700 954 890 1054 traditum,
908 981 1057 1052 eamque
1070 980 1114 1031 ex
1126 954 1232 1051 ipsmc

164 1061 281 1135 domo
308 1063 578 1141 exterminatam
605 1061 707 1136 fuiffe
733 1083 846 1149 τεοῖς
883 1063 1047 1153 atejus,
1087 1079 1164 1150 quae
1185 1077 1233 1129 ex

151 1162 334 1262 gomphos
349 1160 423 1253 est,
451 1164 680 1238 obliteratum
692 1161 763 1237 eise
777 1162 1074 1258 chirographum,
1096 1160 1141 1231 de
1157 1176 1232 1248 quo

164 1261 201 1333 id
226 1262 279 1334 ait
303 1258 529 1354 Apostolus:
567 1266 686 1335 Deseris
706 1263 948 1358 chirographum
973 1266 1126 1337 decretis,
1152 1257 1233 1355 qued

160 1376 237 1434 eret
258 1367 458 1438 eontrarium
475 1363 592 1450 nobie,
619 1363 657 1440 (5
678 1364 778 1459 ipsum
794 1364 876 1435 rulie
893 1366 928 1432 de
947 1362 1044 1445 medio
1055 1409 1067 1443 ,
1097 1354 1232 1449 affigerer

165 1461 246 1534 idud
264 1464 370 1545 cruci,
397 1482 477 1535 nam
496 1461 623 1538 Paulus
641 1465 677 1537 in
695 1484 792 1541 eam,
818 1469 896 1552 quae
909 1483 953 1533 ex
974 1461 1140 1556 gentibus
1166 1456 1186 1496 *
1210 1456 1229 1498 ¹

165 1557 305 1634 fiebant
319 1558 491 1657 proselyti
503 1561 618 1642 Israel.
670 1559 703 1635 E
717 1562 828 1636 domo
843 1563 930 1656 ergo
947 1560 1015 1632 viri
1032 1556 1230 1650 exiitpriot

164 1660 322 1753 conjux,
349 1681 427 1752 quae
446 1681 568 1738 coram
584 1664 666 1738 vico
683 1663 831 1759 gratiam
847 1682 922 1736 non
938 1660 1103 1748 invenit,
1130 1654 1231 1747 quod

163 1759 305 1839 foeditas
319 1761 359 1837 iu
377 1782 419 1833 ea
433 1779 574 1856 reperta
593 1764 654 1851 sit,
680 1761 912 1855 &postquam
926 1761 1035 1837 abiit,
1061 1759 1162 1830 alteri
1183 1754 1234 1829 se-

164 1859 200 1937 se
218 1859 392 1952 applicuit
407 1862 509 1953 vito,
525 1865 583 1934 cui
601 1861 635 1934 se
651 1860 827 1954 submisit,
841 1861 917 1934 sive
933 1857 1156 1952 uirumhunc
1167 1854 1232 1928 Bc·
1249 1907 1251 1912 -

162 1961 310 2035 rabbam
331 1958 402 2037 esse
423 1961 611 2036 dicendum
627 1961 708 2051 est,
736 1981 809 2057 quo
832 1961 1008 2039 Diabolus
1026 1957 1170 2050 tropice
1189 1954 1230 2028 fi·

164 2056 377 2154 pacificatur,
392 2060 468 2135 save
483 2061 652 2135 nefariam
669 2051 819 2151 aliquam
837 2058 1064 2159 potestatem.
1103 2053 1153 2126 Et
1167 2072 1237 2127 ve·-

160 2179 208 2234 ro
222 2159 434 2255 qui-busdam
462 2181 506 2231 ex
530 2162 590 2236 illa
612 2162 790 2258 synagoga
811 2161 966 2255 contigit
981 2158 1045 2239 id,
1071 2154 1170 2248 quod
1190 2155 1229 2230 iu
1291 2194 1293 2196 .

161 2257 264 2354 Lege
283 2260 406 2352 priore
426 2260 514 2335 loco
536 2259 704 2353 scriptum
726 2260 804 2346 est3
833 2261 908 2333 aliis
927 2271 1046 2333 autem
1063 2255 1161 2347 quod
1181 2252 1230 2326 se·

166 2358 313 2446 cuod03
340 2357 539 2452 postremus
554 2362 648 2439 enim
668 2361 730 2438 ille
745 2360 803 2433 vir
817 2379 968 2438 uxorem
983 2357 1070 2430 odio
1090 2352 1230 2445 habuit,

164 2453 245 2532 &ei
266 2458 409 2534 tandem
425 2460 618 2550 aliquando
632 2460 669 2535 in
682 2456 756 2537 fine
772 2461 890 2534 reru'm
900 2457 1039 2551 repudii
1054 2454 1228 2545 libellum,

159 2555 252 2634 Deo
269 2557 305 2632 id
317 2554 513 2649 statuente,
539 2558 693 2653 scribet,
726 2561 831 2653 eique
846 2562 882 2632 in
900 2578 1025 2635 manus
1043 2555 1166 2648 dabit,
1193 2551 1229 2625 tc

163 2657 259 2733 illam
270 2656 315 2731 de
331 2657 442 2733 domo
456 2656 514 2736 sue
524 2660 665 2752 ejiciet3
692 2660 992 2751 quemadmodum
1006 2656 1101 2729 enim
1115 2658 1228 2724 inimi·

164 2763 261 2832 citior
275 2758 549 2855 ponetserpenteere
563 2766 654 2834 ineer'
666 2759 706 2836 (J
722 2760 880 2831 mulierem
902 2760 1020 2831 bonus
1039 2755 1162 2853 Deua,
1188 2753 1229 2830 U

166 2863 257 2933 iuter
266 2858 371 2946 semera
385 2863 451 2955 ejus
468 2910 481 2951 ,
507 2858 547 2936 su
561 2860 661 2946 [emm
676 2861 760 2930 isius
778 2886 790 2949 3
824 2863 874 2935 itu
894 2855 1026 2936 efficiet
1041 2854 1162 2947 Deus,
1181 2865 1229 2926 ut

166 2980 247 3035 eam
267 2958 355 3033 odio
373 2959 503 3035 habeat
518 2958 718 3053 postremus
737 2961 806 3032 vir.
1228 2995 1230 3000 ·

196 3105 208 3118 x
240 3079 298 3134 20.
324 3055 526 3131 Sunt-vero
542 3061 736 3151 nonnulli,
763 3079 844 3132 cum
870 3056 998 3147 quibua
1019 3074 1090 3127 una
1109 3052 1227 3127 virum

159 3156 327 3232 babitare
344 3154 530 3255 ,contingit
549 3160 693 3235 minime
710 3163 775 3234 eos
801 3158 889 3230 odio
906 3157 1119 3245 habentem,
1145 3172 1228 3226 cum
1304 3205 1307 3216 ,

161 3260 199 3331 in
215 3256 287 3328 viri
303 3256 416 3332 domo
432 3274 619 3350 maneant,
637 3260 697 3350 qui
715 3258 748 3330 de
764 3278 889 3329 eorum
907 3254 1121 3350 synagogam
1140 3271 1229 3325 con·

158 3357 281 3458 jugem
297 3356 357 3429 ubi
374 3358 535 3453 sumpsit3
551 3356 610 3430 sed
626 3358 828 3434 &mortem
846 3357 925 3430 obit
937 3356 1078 3427 interim
1092 3351 1230 3444 postre-

162 3477 243 3532 mus
258 3458 336 3547 vir,
358 3472 433 3533 tum
449 3456 616 3548 fortasse,
636 3477 716 3531 cum
733 3453 924 3547 noviffimus
941 3454 1033 3551 buflis
1051 3450 1169 3549 curisti
1180 3454 1229 3522 de·

157 3555 304 3660 fleuerur
321 3581 413 3634 mors.
466 3555 518 3629 At
530 3558 741 3632 utrumlibet
757 3557 907 3648 horum,
932 3551 1230 3647 stveprius,s1ve

163 3655 386 3752 postremum
420 3659 590 3754 conjungi
626 3660 792 3749 eveniat,
823 3681 889 3726 noa
916 3660 1055 3751 poterit,
1088 3653 1227 3744 inquit,

162 3760 425 3858 prioratuum,
451 3761 511 3849 qui
526 3778 603 3831 eam
616 3757 763 3850 dimisit,
788 3750 953 3831 reversus
968 3758 1099 3847 recipere
1115 3777 1180 3823 euru
1194 3758 1232 3821 iu

165 3881 315 3945 uxorem,
327 3857 485 3953 postquam
494 3858 616 3955 passura
629 3857 689 3957 esi,
705 3843 829 3955 quondo
842 3853 1076 3929 abominabilis,
1094 3854 1232 3942 inquit,

161 3956 254 4056 sadda
267 3958 309 4058 eft
325 3981 426 4033 coram
443 3961 582 4032 Domino
597 3961 663 4032 Deo
678 3974 744 4037 eur.
793 3955 863 4032 sed
876 3954 952 4031 haec
967 3973 1045 4030 non
1060 3952 1233 4027 videbun-
