2800 4567
284 315 348 393 tn
373 311 746 392 narrantur
775 309 897 392 ron.
923 253 1036 393 xv't
1129 248 1198 415 3s9

141 463 379 554 columbarum
398 477 561 552 ecclesias
577 471 755 566 vendunt,
768 495 899 568 easque
918 475 1094 568 ejusmodi
1109 497 1201 572 prae·

141 579 234 652 iestis
249 580 415 668 tradunt,
442 581 487 651 de
511 579 638 668 quibus
660 576 695 649 id
720 576 789 648 dici
808 575 948 668 potest,
976 579 1074 666 quod
1091 580 1125 648 in
1141 577 1199 671 Je-

141 679 244 752 remia
258 697 278 750 t
293 678 456 754 Domino
473 677 676 769 profertur:
707 678 870 769 Principes
882 678 991 772 populi
1001 685 1063 746 mei
1078 700 1198 749 menon

141 797 362 872 :agnoverunrt
381 779 451 868 filii
473 777 656 871 inspienter
675 775 769 860 sunt,
794 775 834 851 U
851 780 1011 847 vecordes:
1035 776 1200 871 sapienta

141 882 232 963 una,
257 893 294 950 ur
313 876 445 968 faciant
469 878 569 963 mala,
596 877 668 945 bene
689 892 794 947 aurem
810 873 919 967 facere
940 875 1138 965 nescierunr3
1165 877 1199 947 sit

141 977 234 1069 quod
249 976 341 1068 apud
356 977 568 1066 Michaeam,
594 977 747 1066 opinor,
773 976 828 1048 his
842 976 961 1047 verbis
978 990 1200 1068 conceptum

141 1076 204 1150 est:
234 1079 392 1172 Principes
411 1077 516 1170 popule
533 1077 593 1144 mci
608 1080 776 1170 ejicientur
789 1078 825 1144 dc
837 1078 921 1145 doma
934 1077 1117 1145 deliciarum
1124 1074 1201 1162 sua·

141 1198 224 1246 rrana·
248 1175 324 1250 haec
344 1177 437 1247 enim
452 1173 478 1246 fi
492 1171 681 1259 audissent,
708 1174 892 1246 columbas
908 1171 1038 1246 Christi
1049 1173 1199 1268 minime
1273 1258 1276 1263 ¹

141 1257 301 1370 profesio
317 1269 567 1364 vendidissent,
588 1273 647 1346 sed
663 1274 842 1365 principes
863 1274 1038 1348 columbis
1053 1294 1201 1366 parcen·

141 1395 213 1458 κε,
238 1393 280 1447 ac
304 1373 348 1446 de
373 1381 492 1445 earum
512 1371 621 1445 salute
641 1372 814 1449 sollicitos
832 1370 1113 1461 constituissent3
1140 1394 1201 1446 ne·

141 1479 208 1567 due
235 1471 576 1565 circumspicientes,
605 1493 760 1562 quonam
780 1471 955 1559 mediato,
982 1471 1075 1545 haud
1102 1470 1201 1544 secus

141 1593 180 1647 tc
195 1574 318 1668 pingui
336 1575 502 1644 columba
520 1573 696 1664 epulaturi
712 1571 790 1645 sint.
841 1567 970 1661 Ejesiis
996 1584 1112 1650 autem
1137 1572 1200 1663 iis,
1281 1661 1284 1669 Ι

141 1673 238 1764 quod
263 1671 485 1761 venderent,
515 1683 622 1762 atque
638 1682 821 1763 emerent,
850 1670 1057 1742 necnon&
1074 1689 1202 1743 numu·

141 1773 233 1844 scriis
251 1769 544 1844 &columbarum
561 1770 813 1842 venditoribus
830 1769 1005 1861 pudorem
1023 1769 1217 1864 incutiens·¹

141 1869 237 1966 Jesus
256 1890 301 1941 ex
321 1870 520 1958 vaticiniis,
548 1868 641 1959 quast
660 1889 706 1940 ex
723 1871 832 1959 patris
849 1867 897 1941 sui
914 1869 1066 1965 persona
1083 1870 1203 1960 editis,

141 1969 307 2061 [criptum
332 1967 402 2041 effe
425 1970 529 2040 dicite
562 1974 677 2039 namus
701 1994 787 2054 mea,
813 1971 917 2038 dumus
937 1975 1093 2039 orationis
1114 1993 1203 2039 vora·

141 2071 251 2154 sicera
278 2087 347 2140 nec
374 2070 468 2142 enim
497 2066 590 2140 aliud
615 2067 805 2158 quidquam
824 2069 858 2140 in
880 2068 1026 2142 ecclesra
1043 2067 1113 2139 Dei
1131 2063 1203 2140 esse

141 2180 315 2264 oportet,
342 2187 444 2260 quam
460 2167 673 2260 petitionem
691 2164 794 2238 sanos
817 2168 1006 2258 cujuslibet
1028 2167 1213 2260 operis&

141 2267 381 2341 visitationem
400 2263 468 2368 Dei
485 2261 752 2358 arcessentis,&
772 2266 1097 2358 precationisioco
1112 2263 1206 2360 apud

141 2365 263 2452 Deum
276 2364 413 2446 habiti,
435 2361 538 2456 iuxta
556 2365 653 2456 quod
672 2361 835 2456 possrbile
851 2366 937 2437 iliud
951 2365 1020 2437 est:
1048 2371 1129 2436 Sine
1154 2372 1207 2434 in-

141 2461 334 2557 tarmifficm
354 2481 459 2548 orare3
487 2480 523 2536 at
539 2485 609 2536 vos
631 2465 806 2554 oratipnis
826 2465 969 2546 domum
985 2464 1127 2560 flagitiis
1144 2485 1209 2536 ve·

141 2564 221 2639 stris
240 2567 422 2637 latronum
437 2559 640 2655 speluncam
660 2561 811 2636 fecistis:
838 2563 871 2635 dt
899 2560 1138 2655 sepenumero
1163 2563 1221 2635 ad‘

141 2665 440 2757 depravationem
462 2663 632 2753 paulatim
649 2666 698 2733 ita
713 2676 903 2757 vergentes
922 2663 1079 2736 eccsenae
1098 2661 1210 2736 credi·

141 2777 190 2838 to
203 2783 262 2835 res
279 2763 480 2853 comperire
496 2762 603 2854 sicet,
630 2775 670 2831 ut
684 2783 704 2832 a
716 2763 896 2834 latronum
913 2759 1078 2853 spelunca
1093 2764 1128 2833 in
1144 2781 1211 2836 no·

142 2857 243 2940 ruine
262 2858 389 2934 Christi
414 2873 652 2955 congregatus
671 2875 784 2931 coetus
807 2862 953 2933 minime
971 2855 1134 2951 differat,
1159 2861 1211 2933 ita

143 2976 187 3036 ut
203 2961 272 3034 iltis
294 2960 362 3060 dicj
380 2971 506 3052 queat:
534 2963 664 3056 Propter
684 2984 741 3030 nos
758 2956 872 3053 semper
890 2981 1001 3029 nomm
1015 2983 1113 3029 meum
1133 2960 1209 3044 slas-

141 3063 312 3160 phamarur
335 3064 373 3130 in
394 3062 548 3152 gentibus.
606 3060 719 3158 Quod
745 3058 769 3132 sr
794 3056 1005 3132 illustranda
1031 3057 1212 3150 scriptura

144 3160 260 3259 gratia
281 3158 350 3240 tria
367 3178 493 3233 eorum
513 3178 665 3253 genera,
694 3159 753 3249 qui
776 3159 835 3231 hic
857 3159 1065 3255 congregati
1087 3171 1210 3250 erent,

148 3259 349 3348 accuratius
366 3256 582 3356 exponenda
599 3254 700 3348 sunt,
728 3256 945 3338 videndum,
969 3280 1012 3330 an
1031 3278 1129 3350 non,
1152 3257 1213 3348 qui

147 3379 171 3434 e
188 3359 330 3455 populo
345 3357 451 3430 nuliis
467 3357 555 3448 asiis,
573 3376 678 3449 quam
694 3356 817 3428 mundi
835 3355 943 3430 rebus
963 3371 1213 3450 occupantur,

147 3455 183 3532 δι
202 3456 396 3531 vendendo
418 3455 530 3529 solum
548 3456 774 3545 emendoque
791 3455 900 3527 dediti
918 3449 1019 3546 sunt,
1045 3473 1128 3527 raro
1155 3475 1213 3527 au·

148 3565 223 3632 tem
245 3555 493 3647 orationibus,
519 3554 566 3647 ἀ,
584 3575 660 3646 qua
677 3553 849 3628 desiderat
864 3554 1026 3640 divinum
1036 3555 1213 3653 Verbum,
1324 3612 1329 3620 .

149 3657 322 3750 operibns
338 3657 574 3746 incumbunt,
600 3655 624 3725 ii
640 3654 730 3747 sint,
760 3653 819 3746 qui
836 3655 872 3726 in
892 3649 958 3726 Dei
973 3652 1110 3748 templo
1127 3675 1215 3727 ven·

151 3757 243 3842 dunt
262 3753 296 3828 dc
313 3757 455 3846 emunts·
481 3753 624 3826 diaconi
649 3773 764 3842 vero,
792 3753 850 3844 qui
868 3751 1024 3827 ecclesie
1044 3752 1215 3847 pecunias

150 3865 228 3929 non
247 3852 344 3928 redte
363 3851 573 3946 dispensans,
586 3851 646 3925 sed
663 3869 722 3926 eas
740 3852 875 3946 semper
891 3855 1051 3926 manibus
1071 3865 1215 3924 contre·

151 3953 269 4043 siant,
294 3972 371 4026 nott
396 3951 545 4026 honeste
569 3969 661 4032 vero
682 3950 944 4045 administrant,
970 3947 1027 4027 sed
1048 3971 1111 4040 ea,
1139 3970 1216 4033 nuae

206 4057 352 4148 migretis
382 4053 470 4127 Tam.
499 4055 569 4124 XI.
820 4050 893 4126 Ae
1057 4053 1178 4139 nusum
