2800 4567
276 335 341 416 ru
363 307 736 415 martrinum
769 333 888 415 rou.
915 335 1054 416 xvrr
1088 453 1090 458 ,
1116 357 1189 431 421

122 499 361 599 reprehendi,
385 499 444 574 sed
459 502 615 574 colonos
623 525 642 588 3·
663 501 697 574 u
712 514 945 594 preterquam
956 553 968 589 ,
981 565 985 572 .
996 500 1095 591 quod
1108 500 1188 572 nul·

121 605 167 676 lae
184 602 300 673 vineae
315 603 560 696 impinguntur
576 602 699 696 minae,
725 598 785 692 ipsr
814 602 920 674 etiam
948 599 1120 694 prospici,
1147 611 1190 674 ut

122 700 367 796 patrifamilias
387 699 521 772 fruitus
544 701 670 772 reddat
686 701 909 792 temporibus
925 697 1003 774 suis.
1054 697 1137 774 Nec
1163 697 1189 776 fi

123 801 344 896 evangelice
360 796 537 894 scripturae
552 800 818 874 accurationem
834 799 928 871 tueri
946 799 1187 890 volucris,vi·

122 919 228 974 neam
245 897 345 971 fuisse
362 889 534 992 populum
550 900 752 972 luculenter
768 900 1086 992 probarepoteris.
1115 898 1188 971 Ve-

122 1019 205 1072 rum
229 997 264 1070 id
287 1001 408 1090 potius
432 999 625 1073 videndum
648 998 720 1088 eil,
747 1019 790 1070 an
809 1019 891 1072 non.
907 1009 1189 1079 commemorata

121 1100 163 1172 in
184 1100 371 1195 evangelio
396 1099 502 1169 uinea
524 1118 672 1193 regnum
692 1098 761 1170 Dei
785 1097 846 1183 stt,
874 1098 974 1188 quod
998 1097 1091 1170 idem
1118 1093 1188 1172 esse

122 1200 303 1289 arbitror,
330 1219 371 1269 ac
394 1197 642 1290 scripturarum
663 1197 859 1286 dotlrinam
883 1217 964 1270 cum
986 1196 1055 1270 Dei
1072 1198 1186 1290 inspe-

127 1296 509 1388 utone-conjunctam,
535 1298 620 1368 illud
637 1298 749 1371 enim:
776 1297 952 1388 Auferetur
971 1324 991 1368 a
1012 1298 1100 1366 vobis
1122 1320 1186 1390 reg·

125 1422 207 1467 num
228 1401 312 1474 Dei,
338 1397 375 1472 (5
402 1399 531 1465 dabitur
547 1401 643 1496 genti
655 1397 799 1486 jacienti
817 1397 950 1489 fresios
970 1401 1052 1493 ejus,
1086 1395 1186 1490 quod

119 1497 242 1569 vineae
254 1497 433 1589 parabolae
448 1493 642 1570 subnexum
660 1495 731 1587 est,
750 1500 844 1569 clare
857 1497 1097 1571 demonstrare
1114 1499 1184 1570 exi·

120 1595 252 1686 stimo,
277 1596 441 1684 vineam,
467 1617 570 1686 quam
587 1598 765 1688 plantavit
787 1598 899 1668 bomo
914 1597 1184 1687 paterfamilias,

120 1695 194 1769 dici
219 1692 383 1785 mysteria
408 1692 477 1766 esse
502 1695 709 1791 regnijllei.
762 1695 865 1768 Hanc
898 1715 986 1791 ergo
1022 1698 1184 1780 vineam,

123 1815 230 1886 quam
251 1796 364 1890 legem
388 1792 457 1866 else
481 1815 522 1866 ac
543 1795 739 1888 propbetas
757 1794 940 1880 existimo,
968 1813 1185 1883 omnemque

120 1894 216 1968 adeo
243 1893 398 1966 divinam
423 1891 629 1986 scripturam
646 1889 667 1986 ,'
692 1893 872 1970 Dominus
898 1891 1014 1968 vineae
1041 1895 1185 1976 colonis
1274 1911 1290 1940 ²

124 1992 292 2079 tradidit,
325 1993 504 2085 prioribus
530 1993 692 2084 quidem,
724 1993 808 2065 huic
834 1995 997 2068 nimirum
1023 1995 1182 2088 populo;

121 2092 304 2187 prioribus
326 2096 420 2166 enim
443 2093 510 2163 illis
536 2094 652 2164 credita
669 2097 746 2178 [απτ
769 2096 889 2190 eloquia
911 2097 990 2165 Dei:
1023 2089 1183 2165 secundis

121 2205 263 2280 autem,
284 2196 374 2285 genti
391 2187 673 2284 scilicetfacienrr'
690 2193 815 2279 [ruilus
829 2197 913 2288 ejus,
939 2213 1017 2283 quae
1035 2190 1184 2264 ecclesia

121 2290 388 2387 estegentibus
407 2289 574 2364 conflata.
623 2289 681 2364 Sic
705 2289 864 2386 expofita
879 2306 1016 2384 autem,
1044 2312 1121 2382 quae
1145 2290 1183 2365 in

119 2391 310 2486 evangelio
333 2405 657 2484 commemoratur,
684 2394 810 2484 vinea,
838 2390 1123 2486 circumpositam
1149 2390 1183 2466 ei

121 2489 241 2584 sepem
257 2492 447 2584 explanare
470 2489 660 2583 operosum
679 2489 753 2582 est,
781 2493 837 2564 cui
852 2491 938 2565 nihil
953 2493 1024 2564 tale
1041 2490 1183 2563 eontin-

120 2593 191 2694 git,
218 2592 320 2683 quale
337 2587 517 2685 descriptae
534 2591 579 2664 ab
594 2589 679 2664 lsaia
694 2587 779 2684 sepi,
790 2591 833 2664 de
848 2613 917 2682 qua
932 2589 1097 2680 scriptum
1116 2587 1182 2660 est:

85 2769 87 2774 ¹
110 2690 278 2784 'Auferam
292 2689 392 2786 sepem
410 2695 496 2784 rjus,
521 2688 560 2766 ὁ
579 2687 640 2759 erit
656 2695 694 2758 iu
712 2691 934 2786 direptionem,
960 2687 1182 2778 effosumque

98 2790 155 2864 -in
175 2811 217 2862 ea
234 2791 410 2880 torcular,
437 2785 716 2878 aedificatamque
735 2791 874 2865 turrim.
925 2789 1021 2860 Vide
1038 2802 1181 2879 autern,

115 2911 162 2964 an
187 2888 386 2964 sermonem
406 2888 537 2960 divinae
557 2885 737 2980 seripturae
760 2888 950 2981 praeceptis
972 2906 1180 2960 accommo-

119 2991 224 3074 dum,
252 2991 311 3079 qui
335 2989 376 3060 ad
399 3001 560 3062 naturam
583 2985 770 3062 humanam
787 2989 1044 3077 hominumque
1058 3005 1179 3060 mores

115 3088 296 3186 pertinet,
325 3091 463 3160 vineam
482 3085 551 3161 esse
573 3086 728 3161 statuere
749 3087 934 3182 poffimus3
962 3105 1039 3175 que
1060 3095 1181 3158 autem

113 3189 272 3265 sermoni
297 3189 381 3260 huie
407 3184 604 3278 consonat,
629 3187 763 3279 vitam,
790 3189 936 3264 virtutis
963 3183 1179 3258 laudabilissi-

112 3293 331 3377 morumque
356 3284 655 3362 frutlus'morum
682 3285 845 3376 dentem,
878 3287 993 3357 vineae
1027 3282 1180 3358 suisium

110 3387 207 3475 esle3
239 3386 310 3481 ipsa
331 3403 449 3459 autem
473 3383 651 3478 scripturae
676 3388 789 3460 verba
813 3386 846 3459 bt
869 3386 1026 3470 litteras,
1060 3381 1179 3474 sepem

113 3485 211 3579 esse,
237 3507 315 3578 que
330 3486 443 3560 vinea
458 3487 616 3562 exterius
635 3483 741 3560 adsita
757 3484 828 3575 est,
854 3497 896 3556 ut
911 3487 1031 3560 uinea,
1050 3483 1180 3554 vinee·
1252 3503 1266 3520 ²

111 3608 186 3681 que
212 3585 392 3680 precipue
416 3587 583 3660 occultus
610 3580 742 3658 nouus
775 3591 1029 3658 extraneorum
1063 3581 1179 3654 oculis

109 3687 258 3766 minime
283 3697 453 3779 pateant3
479 3685 601 3758 animae
627 3698 747 3758 autem
773 3681 1075 3776 profunditatem,
1102 3700 1179 3770 quae

109 3783 249 3864 fruuus
263 3786 347 3858 illos
360 3784 510 3876 recipit,
536 3783 623 3856 &ea
637 3785 759 3860 omnia
774 3781 999 3877 aspernetur,
1027 3800 1103 3870 quae
1119 3799 1180 3854 ex·

96 3886 253 3962 tantia
276 3881 482 3978 superficie,
508 3885 669 3956 torcular
691 3881 762 3960 effe
784 3884 821 3956 in
838 3882 945 3958 vinea
965 3878 1113 3962 sossum;
1132 3878 1178 3958 ¹iu

113 3985 226 4062 vinea
246 3997 365 4062 autem
388 3978 595 4062 edificatam
586 3982 1031 4159 1)tt‘r¹rrim„proceritate,
1059 3979 1179 4090 eleva·

125 4087 133 4098 ‘
689 4103 711 4178 3
805 4089 808 4094 '
1063 4091 1144 4145 tto·
