2800 4567
306 336 764 508 rupertumum
798 294 1030 419 roomo.
1140 271 1227 439 203x

157 503 409 599 leviorumque
426 505 673 579 mandatorum
683 502 897 664 ¹{observatio
919 522 987 576 uos
1002 495 1114 581 ficiet
1135 522 1216 600 par·

157 608 222 683 tici
251 628 330 678 eu·
832 603 865 628 ‘²'
1046 605 1049 617 '

223 628 384 796 p13.=At
412 703 471 775 ille
493 698 677 792 postquam
704 701 866 775 audivit:
907 704 1010 773 Serva
1040 704 1216 790 mandata,

162 808 230 879 ait:
263 799 375 897 Qua?
407 819 449 875 ut
472 821 628 890 quaeuam
651 801 862 894 potiffimum
886 803 1050 877 mandata
1072 802 1217 877 anobis

161 904 260 1002 jesus
283 903 413 977 servari
429 902 540 992 velit,
567 900 776 973 ediscamus:
801 901 843 971 ad
858 901 1029 990 idbeuim:
1056 897 1219 996 Quael'id

163 1006 271 1078 dixit:
299 1008 385 1077 Non·
405 1001 623 1077 adulterabis:
649 1005 727 1076 Nou
755 1002 954 1070 homicidium
978 1003 1107 1095 socier:
1135 1005 1219 1075 Nou
1307 1065 1311 1088 ,

160 1104 263 1200 facias
284 1104 440 1197 furlumr
476 1105 553 1174 Nou
569 1097 689 1193 fulsum
713 1101 917 1197 testimouium
947 1103 1046 1178 dices:
1085 1102 1220 1178 Honora

163 1222 286 1303 putrem
314 1203 352 1281 (ὅ
378 1218 531 1284 matrem,
559 1200 615 1272 &2
653 1201 773 1290 Diliges
791 1208 967 1294 proximum
990 1221 1080 1273 litum
1092 1203 1171 1298 ficut
1187 1218 1220 1273 te

169 1305 275 1397 ipsum.
328 1300 466 1376 Acilia
489 1297 633 1372 fortalie
655 1296 767 1390 iisque
789 1301 1002 1395 consimilia,
1037 1302 1080 1375 ed
1105 1306 1221 1399 ingre·
1291 1370 1295 1381 .

166 1403 334 1477 dieudum
350 1403 386 1475 iu
409 1402 516 1484 vitae,
543 1412 584 1470 ut
598 1400 647 1470 ita
669 1400 811 1488 dicam,
831 1400 1001 1493 principia
1023 1400 1222 1496 sufficiunt,
1249 1449 1252 1456 -

169 1525 246 1596 quae
264 1503 307 1576 ad
321 1502 562 1595 integritatem
576 1496 829 1592 adipiscendam
849 1501 989 1573 minime
1005 1499 1226 1588 sufficereut;

169 1605 262 1680 adeo
282 1617 340 1691 ut,
366 1602 425 1692 qui
441 1602 476 1673 iu
491 1619 600 1670 uuum
615 1601 747 1691 pariter
769 1619 814 1669 ex
831 1598 883 1672 his
900 1602 1071 1676 mandatis
1097 1621 1225 1693 pecca·

168 1707 298 1794 verit,
330 1722 377 1775 ne
398 1701 435 1773 iu
459 1698 669 1791 principium
694 1697 834 1788 quidem
851 1701 935 1770 vitae
956 1701 1086 1772 intrare
1103 1712 1223 1791 queat.

169 1801 349 1877 Adulterii
376 1800 522 1888 itaque,
555 1796 588 1869 dt
620 1793 827 1882 homicidii,
861 1796 893 1869 dt
928 1799 1115 1891 cujuslibet
1138 1797 1226 1872 furti

171 1900 292 1977 insons
309 1897 378 1975 etse
394 1897 515 1987 debet,
532 1898 589 1985 qui
607 1899 641 1968 in
652 1898 761 1967 vitam
772 1896 907 1993 ingredi
919 1900 1066 1995 cogitat.
1093 1901 1228 2014 Quem·

172 1999 362 2075 admodum
390 1999 481 2069 euim
505 2015 621 2085 neque
646 1996 812 2085 adulter,
846 2017 963 2086 neque
992 2000 1169 2071 homicida
1188 2000 1228 2071 in

172 2105 286 2175 vitam
309 2100 514 2186 intrabunt,
540 2095 589 2166 ita
611 2115 728 2185 neque
752 2097 810 2185 qui
824 2093 909 2171 furti
925 2095 959 2173 se
977 2098 1105 2193 alligat.
1129 2154 1131 2164 i
1158 2096 1229 2170 Cu·

171 2213 227 2297 Jus
258 2199 399 2289 quidem
431 2196 661 2296 mimi-disrei
689 2193 768 2267 suut
797 2217 922 2269 eorum
954 2197 1230 2289 quamplurimi,

175 2302 233 2393 qui
252 2296 379 2373 Christi
392 2292 498 2369 fidem
517 2295 683 2367 dicuntur
704 2295 876 2387 amplexi,
912 2315 991 2370 cum
1014 2298 1050 2369 in
1069 2297 1153 2367 vitae
1168 2317 1234 2369 ne·

174 2400 314 2497 gotiis,
345 2399 381 2468 iu
405 2391 487 2469 fidei
508 2394 573 2466 soae
599 2394 783 2468 commiffis
813 2396 993 2488 pecuniis,
1025 2397 1060 2468 iu
1075 2396 1232 2487 mediis,

176 2519 262 2592 quae
286 2508 484 2584 exercent,
518 2495 673 2583 artibus,
706 2494 791 2584 furti
814 2495 957 2569 minime
979 2494 1137 2571 insontes
1162 2493 1234 2570 ess'c
1291 2545 1294 2556 ·

176 2596 497 2691 deprehendantur.
547 2593 631 2666 Nec
655 2593 714 2669 fur
735 2595 1014 2690 tantummode,
1047 2615 1174 2669 verum
1198 2596 1235 2669 dt

177 2698 281 2792 ipsius
296 2696 332 2768 in
347 2695 447 2768 furto
463 2695 640 2784 particeps
657 2713 698 2765 ac
713 2691 829 2765 socius
846 2694 1005 2767 invitam
1022 2714 1098 2767 non
1119 2696 1236 2791 ingre·
1263 2711 1266 2719 ·

181 2800 319 2882 dietum
352 2793 518 2885 scriptum
544 2793 674 2883 quippe
698 2791 749 2864 est
770 2791 807 2863 in
826 2790 928 2866 Isaia:
954 2797 1038 2863 Socii
1047 2793 1236 2885 strumum.

180 2919 234 2970 uer
251 2898 388 2988 diligam
412 2913 565 2964 munerat
605 2889 645 2964 lu
671 2889 807 2965 Psalmo
832 2907 950 2965 autem
972 2892 1236 2988 quadragesimo

181 3015 305 3074 nono:
331 2996 494 3068 Enarrare
505 2990 645 3087 jusiitias
675 2995 764 3076 Dei,
789 2990 828 3064 (i
852 2988 998 3081 officinm
1023 2994 1256 3088 replementum·

181 3102 247 3197 ejus
264 3117 321 3191 prr
340 3119 369 3165 oi
380 3093 472 3181 suum
492 3091 726 3183 prohibetur,
754 3091 813 3179 qui
837 3089 890 3161 his
906 3090 1026 3163 verbis
1049 3093 1236 3188 arguiturt

181 3201 223 3270 Si
236 3196 362 3265 videbor
374 3193 500 3286 furem,
526 3190 811 3274 corroboremur,
838 3190 926 3262 &ut
943 3189 1071 3264 diduri
1087 3190 1138 3264 est
1153 3204 1239 3268 ante

182 3296 288 3373 illud:
317 3298 392 3365 Cum
407 3287 558 3363 adulteris
573 3295 746 3383 portionem
768 3292 1016 3384 ruumpouebo13
1041 3312 1110 3363 nec
1122 3291 1241 3367 furem

183 3417 295 3485 eum,
328 3413 444 3483 neque
466 3388 664 3464 adulterum
686 3389 802 3474 dixit,
837 3387 897 3463 sed
922 3389 1008 3463 furis
1025 3389 1181 3474 socium,
1205 3391 1242 3464 dt

185 3516 268 3569 cum
283 3492 449 3565 adulteris
470 3491 675 3584 portionem
699 3485 792 3563 suam
813 3503 1020 3583 ponentem.
1078 3489 1161 3565 Nec
1179 3512 1258 3564 ve·-

184 3616 229 3669 ro
245 3592 367 3667 falsum
384 3589 623 3665 testimonium
639 3588 757 3661 dicere
773 3589 902 3679 debet,
930 3591 1039 3680 quiin
1055 3590 1166 3663 vitam
1190 3591 1243 3663 in·
1276 3609 1282 3618 “

185 3690 361 3791 greliorus
377 3690 447 3779 est,
475 3689 507 3761 o
535 3710 554 3760 a
571 3688 647 3759 vita
663 3706 807 3779 quoque
821 3688 1001 3792 rejicitur,
1028 3692 1086 3781 qui
1101 3689 1245 3765 mauda-

186 3787 620 3865 tumilluduoufacellit:
651 3788 970 3883 Honoraparrem&
995 3795 1140 3862 marrim.
1189 3787 1244 3862 At
1289 3852 1291 3854 ,

187 3894 230 3969 iis
246 3887 391 3966 fortalie
408 3908 532 3981 parere
550 3886 743 3975 mandatis,
768 3887 862 3960 haud
886 3888 1034 3964 multum
1058 3889 1166 3970 ardua
1185 3906 1245 3961 res

189 3991 250 4070 est.
301 3990 440 4065 Verum
463 3987 788 4083 preceptum-nuo
802 3984 997 4084 perficere.-
1033 3990 1154 4078 Diligo
1177 4006 1251 4079 pac·

1093 4106 1230 4157 armum
