2800 4567
280 332 288 350 ·’
339 305 404 430 iu
426 329 807 452 urrunnun
828 346 951 434 ross,
975 343 1091 427 xus
1195 372 1243 447 ,7

174 512 274 606 esus,
300 513 331 586 ss
346 515 383 587 sn
396 512 543 586 nomine
556 508 659 606 Jeslr,
685 512 748 584 uel
760 529 891 585 reveru
904 511 1026 604 potius
1042 512 1079 584 in
1094 508 1171 605 ipso
1185 511 1244 609 Je-

174 615 230 708 su,
258 616 429 692 omnibus
445 613 480 685 in
498 631 612 707 regno
636 613 809 686 coelorum
831 613 945 703 major
964 613 1161 706 appellatus
1186 631 1264 687 re·‘

177 715 347 810 parietur.
401 711 712 814 Quemadmodum
728 725 847 784 sutem
860 709 975 805 Jesum
993 705 1155 804 suscipit,
1181 712 1242 804 qui

178 811 369 908 susceperit
385 832 494 886 unum
514 813 621 885 triens
639 832 660 884 e
677 812 836 903 puerulis
855 814 890 884 in
906 808 1168 905 nomineJesu3
1190 814 1241 886 itu

183 911 291 1008 lelium
307 912 470 1004 rejicit&
483 912 652 1003 expellit,
679 912 740 1001 qui
759 911 865 985 talem
880 929 989 983 unum
1004 912 1191 1002 puerulum
1202 913 1242 1004 in

183 1011 324 1089 somine
337 1007 420 1107 Jesu
441 1008 614 1108 suscipere
628 1029 705 1083 non
722 1011 814 1091 vult.
865 1007 1017 1110 Quodsi
1035 1010 1129 1084 inter
1151 1032 1238 1103 eos,

182 1113 232 1204 qui
250 1109 406 1204 Spiritus
424 1107 530 1183 sansli
555 1110 884 1187 communicatione
901 1110 997 1207 digni
1010 1108 1239 1203 habitisunt,

181 1209 361 1286 discrimen
380 1209 593 1300 intercedit,
621 1230 702 1284 cum
717 1211 795 1304 plus
807 1211 975 1284 minusve
987 1195 1156 1304 Spiritum
1169 1208 1241 1283 san-

183 1309 461 1402 srumrecipiant
475 1310 685 1398 credentes;
711 1306 1245 1384 nonnuliisanesintoffensroni

141 1411 144 1418 '
185 1411 357 1502 obnoxii,
380 1428 506 1483 eorum
525 1407 684 1500 scilicet,
711 1411 769 1500 qui
787 1411 824 1481 in
844 1408 961 1483 Dcum
981 1409 1153 1499 credunt,
1180 1410 1243 1481 mi·
1309 1463 1315 1478 ,

183 1510 281 1598 nimis
309 1529 463 1602 quorum
474 1506 711 1583 offensionem
722 1509 887 1583 Verbum
901 1507 1096 1599 ulciscens,
1119 1507 1242 1602 dehis,

141 1647 145 1680 :
186 1631 201 1683 ι
217 1609 347 1702 quibus
365 1608 502 1682 suerint
517 1606 665 1700 offensi,
692 1611 769 1682 ait:
798 1610 937 1706 Expedit
950 1613 1000 1687 ei,
1025 1623 1062 1679 us
1074 1608 1242 1702 suspensis.

186 1725 235 1782 tur
248 1709 528 1806 musacfinsriain
541 1711 708 1804 solistim,
734 1707 773 1785 U
789 1709 984 1800 demergatur
998 1713 1036 1777 ist
1045 1707 1243 1804 profundum

141 1813 152 1914 ζ
184 1813 288 1983 gnaris.
349 1808 439 1883 Haec
463 1805 568 1902 iirper
595 1807 790 1903 propositis
812 1807 977 1883 Matthei
1003 1808 1128 1882 verbis
1153 1805 1245 1884 diua

143 1919 155 1978 i
226 1922 253 1984 t

156 2027 317 2188 ,sit
337 2003 1245 2202 isitii}tuitiiiussitlussit

185 2205 316 2300 putasse
337 2206 375 2279 in
394 2206 455 2279 via
473 2205 707 2286 Duodecim,
740 2202 895 2295 quisnam
916 2225 1042 2278 corum
1064 2206 1178 2295 maior
1196 2203 1246 2278 es·

186 2305 260 2396 set;
291 2305 430 2379 idcirco
452 2325 532 2378 cum
559 2302 794 2387 consedisset,
828 2301 1046 2383 accersiviffe
1073 2325 1159 2399 eos,
1186 2304 1245 2400 dt,

186 2407 258 2506 quis
281 2405 398 2496 major
421 2402 508 2478 esset
523 2443 542 2494 ,·
561 2403 762 2495 edocuisse,
789 2402 918 2498 primas
933 2404 982 2478 illi
1001 2417 1143 2497 partes,
1169 2420 1247 2477 tan·

188 2527 286 2597 quum
311 2505 465 2597 majori,
500 2505 674 2578 tributum
697 2505 740 2575 iri
759 2502 967 2596 dicentem,
991 2506 1052 2597 qui
1073 2503 1246 2577 modestia
1289 2549 1298 2581 s

189 2605 244 2678 suu
262 2605 298 2680 dt
316 2605 466 2678 lenitute
484 2604 643 2700 omnium
656 2602 767 2678 fuerit
779 2602 1001 2697 potiremur,
1027 2601 1120 2675 odeo
1135 2619 1177 2676 ut
1192 2605 1246 2676 lo·
1279 2653 1283 2674 ,

189 2705 395 2786 dimissius,
421 2704 479 2776 cui
496 2702 731 2794 ministratur,
757 2722 833 2776 non
849 2702 1094 2799 arrogaverit,
1113 2701 1170 2775 sed
1183 2702 1246 2775 nsi·

190 2803 531 2896 nistrantissatque
557 2804 660 2893 hujus
686 2802 826 2894 quidem
850 2823 927 2877 non
949 2802 1123 2894 aliquibus
1146 2802 1247 2875 mirsi·

190 2902 350 2996 strantis,
383 2902 459 2976 aliis
475 2921 567 2976 vero
585 2901 755 2992 minime,
789 2899 848 2974 sed
868 2901 974 2995 piane
993 2902 1177 2974 omnibus:
1204 2898 1249 2973 ad

190 3003 224 3076 id
240 3004 339 3078 enim
356 3001 520 3078 attende:
549 3006 589 3073 Si
606 3007 677 3099 quis
691 3003 769 3071 vuli
785 3007 912 3098 primus
929 2999 1001 3092 affl,
1027 3006 1092 3081 erit
1109 3005 1247 3071 omnum

191 3101 402 3195 usuiffssuus,
426 3111 464 3179 dl
487 3108 624 3173 omnium
643 3102 798 3275 minyius.
857 3097 954 3174 Tum
970 3100 1088 3192 inquit
1106 3097 1247 3193 postet:

192 3211 391 3303 accipientem
409 3227 476 3274 cum
496 3223 632 3301 puerum
649 3199 712 3298 (Je
728 3221 786 3276 unt
803 3197 959 3298 scilicet)
970 3197 1113 3298 fistusffe
1129 3205 1248 3271 iss-me·

172 3313 174 3318 '
192 3306 238 3376 dis
250 3305 472 3399 discipulorum
482 3305 630 3392 sussum:
657 3326 746 3401 quens
763 3326 829 3371 cum
841 3303 1013 3397 complexus
1028 3299 1117 3393 eslii,
1142 3294 1251 3396 dissiffl

194 3407 273 3476 isias
299 3408 458 3503 Quisquis
479 3427 580 3474 unum
602 3427 642 3475 ex
658 3403 768 3498 pueris
788 3405 936 3496 receperis
957 3406 996 3472 in
1015 3408 1142 3471 nomine
1166 3423 1250 3485 uses,

194 3529 238 3578 sss
256 3508 382 3601 recipis.
441 3505 593 3597 Qualem
619 3521 714 3574 vero
734 3502 865 3594 accipit
886 3519 1064 3593 puerum,
1095 3499 1129 3573 dt
1152 3519 1250 3574 com·

145 3615 150 3638 ⁹
194 3607 318 3698 plexus
341 3602 393 3678 esi
410 3601 534 3697 Jesus,
568 3602 671 3696 juxta
693 3601 859 3675 altiorem
881 3602 1059 3675 horumce
1084 3599 1265 3673 locorum.

195 3701 556 3800 interpretationem?
581 3723 626 3773 an
642 3702 810 3794 Spiritum
828 3697 1008 3775 sensium?
1036 3698 1168 3772 &huic
1180 3699 1255 3792 qui·

198 3797 272 3880 de'm
293 3823 414 3900 puero
432 3801 558 3876 similes
575 3797 656 3876 iasii
679 3799 760 3873 sunt
776 3801 973 3892 nonnulli,
1007 3799 1197 3890 dequibus
1219 3797 1256 3870 id
1314 3810 1316 3813 ·

198 3905 302 3981 dixit:
327 3909 489 4000 Quisquis
504 3925 603 3973 ussum
618 3927 656 3971 ex
670 3902 851 3999 hujusmodi
866 3903 972 3994 pueris
991 3903 1138 3996 resrpsrit
1149 3903 1186 3968 in
1198 3921 1258 3975 rra·

199 4014 277 4112 usse
294 4031 388 4095 mss,
414 4027 463 4076 ms
481 4009 601 4100 resipis.
649 4002 762 4182 Buff
784 3999 1086 4080 Lucum-tutem:
1104 4000 1276 4114 cupitus

786 4127 808 4200 ς
1201 4118 1251 4174 su
1286 4151 1291 4156 -
