2800 4567
279 309 370 394 ‘tm
392 309 769 429 MATTHAE'UM
799 313 920 394 Tou.
945 315 1062 397 XIII.
1127 325 1130 336 '
1163 344 1208 400 21

86 451 91 568 i
135 471 283 558 nimu's:
312 482 444 551 Stultus
460 481 661 576 ouremfiorrt
675 484 755 551 lurra
777 497 937 553 mutatur.
994 478 1054 555 Ac
1074 482 1111 555 iil
1132 482 1207 559 istis

87 569 105 672 ,’
136 583 279 677 quidem
291 581 465 673 ejusmodi
476 582 874 675 impetuenotarelicet,
888 583 948 672 qui
962 581 1068 655 abhis
1082 571 1210 679 etiam,¹

87 675 91 732 ³
136 681 461 774 aquibuslevitas
488 701 614 754 eorum
640 681 673 753 δι
695 680 935 754 inconstantia
956 682 1205 760 animadversa

89 837 91 842 -
135 780 302 873 nonest,
327 781 449 875 laudes
469 779 689 871 extorquere
701 782 858 875 poffint3
886 782 983 855 adeo
994 798 1035 853 ut
1053 784 1204 875 plenilu-
1309 835 1311 848 .

138 885 229 956 ulum
247 884 284 953 in
301 882 343 953 iis
359 879 449 973 else,
476 884 536 964 vel
556 883 820 974 propemodum
849 898 948 955 certe
967 877 1214 975 plenilunium
1240 944 1245 955 .

140 981 384 1075 pronuntient.
413 982 523 1075 Quod
540 995 657 1055 autem
672 983 764 1055 iniis
779 985 903 1053 lumen·
916 980 986 1055 eise
1002 980 1115 1055 visum
1133 983 1199 1077 est,

139 1057 303 1170 &iumen
320 1079 534 1154 nollurnum
554 1080 623 1174 est,
650 1102 726 1155 non
742 1082 934 1175 dinanum,
960 1080 1076 1154 rursus
1087 1085 1200 1157 immi·

92 1235 95 1246 .
138 1198 258 1264 nutum
274 1200 419 1272 cernas,
440 1202 486 1254 eo
502 1202 616 1274 usque
631 1180 820 1274 deficiens,
845 1182 929 1255 dum
941 1182 1040 1274 quod
1051 1182 1198 1255 videba-

138 1295 187 1354 tur
201 1284 326 1355 lumen
343 1279 413 1353 elIe
435 1280 552 1373 iniis,
579 1283 679 1354 nullo
699 1283 811 1356 modo
833 1280 1085 1375 conspiciatur.
1135 1282 1200 1358 An

139 1398 250 1457 autem
269 1377 421 1473 propder
441 1383 514 1453 tale
536 1382 744 1475 quideam,
780 1382 978 1475 epilepsiam
1000 1382 1212 1475 lunaticum,

138 1485 296 1555 morbum
309 1481 570 1584 appellaverim
589 1503 662 1577 nec
673 1469 742 1573 ue,
770 1484 828 1574 qui
843 1486 949 1580 rebus
964 1482 1112 1556 uomina
1125 1484 1196 1576 pri·

138 1602 224 1657 uum
240 1578 504 1673 imposuerunt,
531 1580 604 1674 ipse'
619 1575 894 1657 animadvertes.
1143 1648 1146 1654 .

147 1713 154 1734 ·
202 1702 236 1769 5.
263 1679 369 1752 Pater
386 1664 502 1753 autdm
513 1681 777 1756 Lunaticiise'st
791 1680 939 1755 sortasse
954 1682 1120 1779 angelus,
1135 1682 1194 1755 cui
1317 1719 1320 1725 Δ

138 1780 187 1853 ille
198 1781 331 1877 obtigit
346 1776 392 1876 (sr
404 1782 517 1854 m'odo
532 1803 676 1856 omnem
693 1784 881 1855 humanam
896 1784 1044 1855 animam
1062 1783 1193 1877 angelo

125 1881 232 1952 ¹alicui
243 1877 415 1953 subditam
428 1879 501 1954 'esse
514 1879 704 1956 dicendum
717 1881 788 1979 est)
802 1885 999 1956 animorum
1015 1883 1194 1972 medIcum
1243 1879 1245 1884 ’

138 1992 295 2072 tanquam
317 1994 385 2073 pto
402 1978 482 2053 filio
507 1981 728 2080 deprecans,
760 1999 801 2052 ut
817 2003 898 2074 eum
924 1980 1054 2074 sanet,
1090 1982 1191 2074 cujus
1240 2004 1245 2013 ·

137 2083 296 2158 morbum
316 2081 466 2153 verbum
482 2080 668 2176 inferius,.·
680 2082 781 2174 quod
792 2081 828 2153 in
841 2080 1018 2175 discipulis
1033 2080 1104 2173 est,
1131 2102 1192 2154 cu·
1246 2134 1251 2145 .

98 2173 102 2204 ²
137 2197 206 2253 rare
217 2201 297 2254 non
311 2194 493 2272 potuerat.
530 2182 981 2274 Spintumautemmutum
999 2181 1032 2253 &
1050 2181 1191 2256 surdum
1291 2257 1294 2262 ,

123 2281 291 2354 vaVerbo
313 2279 518 2374 depulsum,
546 2303 661 2353 oaecos
678 2282 787 2373 inid,
813 2280 911 2373 quod
930 2280 1019 2353 boni
1037 2278 1195 2375 speciem

136 2379 233 2454 habet
250 2381 404 2473 impetus
419 2379 489 2453 elle
500 2384 733 2477 tropologice
750 2380 941 2456 dicendum
957 2379 1028 2468 est,
1055 2395 1096 2452 ut
1113 2400 1206 2471 quaa.
1282 2394 1290 2402 ’

137 2482 203 2571 quis
224 2483 330 2552 antea
354 2482 491 2553 bona-a
513 2480 748 2574 spectantibus
763 2482 906 2554 credita
929 2502 1028 2554 caeco
1051 2481 1190 2573 impetu

135 2583 294 2675 gerebat,
321 2602 362 2652 ea
375 2601 451 2653 non
468 2581 700 2675 amplius'srne
714 2585 856 2655 ratione
868 2571 993 2677 ge'rat,
1017 2578 1076 2652 sed
1085 2583 1191 2673 juxta

134 2678 302 2753 rationem
312 2679 482 2765 dotlrinae
495 2679 588 2774 Jesu.
614 2680 699 2754 inde
709 2679 887 2755 Paulusad
899 2679 1089 2754 dicendum
1104 2700 1190 2754 cou·
1220 2696 1222 2700 ·

135 2778 337 2856 citatus'est:
364 2784 405 2851 Si
417 2783 551 2851 habuero
564 2795 683 2851 omnem
690 2785 808 2873 fidem,
835 2786 884 2852 ita
900 2799 939 2852 ut
949 2799 1068 2852 montes
1080 2799 1189 2850 trans-

129 2880 242 2972 feram:
268 2901 344 2954 non
364 2900 473 2953 unum
493 2880 849 2963 enimtantummodo
867 2894 1049 2962 montem,
1075 2880 1135 2952 sed
1148 2880 1189 2951 il·

131 2982 191 3053 lins
208 2979 315 3053 instar
329 2981 446 3074 plures
464 2981 660 3070 transfert,
689 2982 746 3071 qui
764 3001 919 3070 omnem,
931 2978 1038 3053 fidem
1054 2980 1185 3071 habet,

131 3102 330 3176 quae-grano
342 3079 468 3173 sinapis
487 3081 602 3154 similis
617 3080 688 3168 estr
717 3078 805 3167 sides
823 3084 1012 3173 quippeab
1032 3079 1197 3152 nomime
1224 3123 1229 3132 -
1248 3128 1252 3134 -

101 3197 104 3204 '
129 3184 188 3257 bus
215 3181 316 3254 nihili
336 3176 403 3274 fit,
430 3181 464 3252 dt
483 3182 587 3253 valde
605 3183 771 3278 exiguum
789 3182 965 3273 quidpiam
980 3202 1028 3259 ac.
1042 3180 1117 3251 vile
1134 3179 1189 3251 vi-

127 3285 225 3357 detur
240 3282 333 3370 esIe3
359 3296 394 3353 at
405 3301 484 3353 cum
500 3282 636 3353 bonum
649 3279 749 3352 nasia
764 3280 813 3362 est
823 3278 935 3354 solum
948 3277 1120 3376 (animam
1134 3279 1188 3349 ui-

126 3384 275 3482 delicet)
285 3382 390 3474 ,quod
405 3383 476 3453 tale
489 3380 606 3453 semen
617 3378 714 3453 teile
729 3384 848 3453 valeat
858 3381 1047 3473 excipere,
1067 3379 1103 3450 iu
1117 3386 1187 3461 ma·

125 3508 224 3581 guam
243 3487 409 3557 arborem
428 3483 569 3572 evadit,
597 3496 638 3552 ut
650 3482 784 3577 nullum
803 3480 1006 3577 quidemlex
1020 3481 1082 3560 iis,
1108 3498 1187 3569 quae,

123 3590 182 3659 alis
197 3599 343 3674 carent,
364 3575 406 3652 'at
418 3582 481 3652 alls
494 3579 718 3673 spiritualiter
731 3578 905 3678 instruile
917 3580 1184 3654 coli-volucres

121 3682 380 3778 in'hujusmodi
397 3678 479 3754 fidei
494 3685 596 3753 ramis
613 3682 763 3753 nidulari
782 3679 923 3773 polluit.
1032 3730 1044 3756 ,

194 3791 229 3862 6.
256 3785 334 3879 Jam
354 3802 443 3853 vero
464 3781 556 3854 &ad
571 3779 642 3874 ipsa
655 3781 769 3853 uerba
783 3778 1026 3868 attendamus,
1041 3798 1081 3847 ac
1094 3794 1185 3867 quae-

118 3905 236 3961 ramus
258 3886 433 3978 primum,
461 3902 528 3971 qua
550 3881 692 3954 ratione
717 3879 912 3952 Lunaticus
933 3877 1003 3951 elle
1024 3876 1185 3967 dicatur,

120 3976 178 4061 cui
194 4009 213 4060 a
229 3984 357 4084 spiritu
370 3982 490 4071 aliquo
509 3973 712 4159 immudBdo,
739 3978 916 4076 &surdo,
941 3978 1190 4091 &mutuum-

676 4105 697 4184 3
730 4126 732 4130 ι
1062 4090 1161 4172 <mgb
1189 4099 1201 4153 ,“
1230 4096 1232 4099 ’
