2800 4567
269 393 273 402 ,
310 305 377 402 tn
400 243 773 386 ntrnnmun
805 305 1093 388 rummvs·
1155 329 1226 404 ιη
1315 325 1318 356 =

161 485 224 554 tur
239 469 346 558 illud:
373 468 611 558 Consummavit
632 470 729 567 Jestn
748 469 901 552 sermones
914 468 1009 568 istos,
1034 468 1078 544 ad
1101 468 1229 548 obscur

152 574 300 656 morem
315 570 473 664 &magis
488 569 712 662 reconditam
729 571 957 661 parabolam,
976 588 1054 660 .qua
1074 567 1229 661 affinitu-

164 691 236 748 tum
251 670 291 767 esi
314 693 441 763 regnum
462 672 602 740 coelorum
618 671 742 742 Inmini
763 676 851 762 regi,
875 676 931 765 qni
946 671 1052 740 noluit
1073 677 1230 744 rationem

158 795 276 869 ponere
296 769 594 860 conseruissui13
620 783 794 862 praeterea
817 790 908 842 vero
933 767 967 845 dt
990 768 1034 845 ad
1053 791 1123 865 ea,
1150 792 1250 865 quae,

159 886 247 952 ante
260 870 353 942 illam
368 869 497 961 scripta
511 868 612 962 sunt,
638 868 807 956 refertur,
1070 897 1076 904 ·

124 1033 127 1038 .
243 992 298 1058 15.
327 967 503 1042 Cuterum
521 994 589 1039 cum
610 965 840 1058 consummasset
857 968 1118 1066 Jesnssermoner
1136 970 1229 1068 istos,

163 1090 258 1162 quos
283 1071 322 1140 in
337 1067 483 1148 Galilaea
509 1072 603 1148 circa
621 1067 868 1163 capharnaum
891 1072 1113 1161 protulerat,
1140 1084 1230 1148 tunc
1314 1077 1322 1098 ’“

162 1170 249 1260 inde
264 1168 453 1263 migravit,
480 1168 683 1244 &venitin
700 1169 830 1263 Judaeae
843 1167 954 1259 lines,
980 1170 1040 1259 qui
1053 1171 1111 1243 alii
1127 1184 1231 1250 erant
1254 1167 1256 1176 ’

158 1289 207 1346 ιο
222 1265 296 1360 ipsa
314 1266 477 1341 Galilaea:
504 1270 607 1341 venit
622 1285 742 1341 autem
759 1270 803 1339 ad
817 1268 945 1362 Judaeae
961 1264 1072 1359 fines,
1098 1291 1174 1342 non
1191 1272 1231 1348 in

161 1369 317 1450 mediam
335 1365 443 1463 ipsam
463 1368 672 1464 regionem,
696 1365 756 1441 sed
773 1367 865 1459 quast
883 1368 925 1441 ad
942 1384 1101 1442 extrema
1116 1372 1231 1445 illiust

164 1469 251 1549 illuc
263 1469 371 1551 secuta
381 1471 461 1558 lunt
473 1487 542 1537 eun
557 1469 658 1539 tulba
673 1470 789 1555 multo,
806 1469 943 1559 quasin
959 1465 1089 1541 finibus
1101 1469 1231 1561 Jndaeae
1306 1483 1309 1492 ‘

163 1567 324 1648 sanavit,
348 1568 443 1639 ultra
458 1565 680 1661 Jordanem,
707 1570 835 1660 inquo
855 1565 1046 1659 baptismus
1059 1570 1231 1643 confere·

164 1670 283 1746 batur.
338 1665 498 1746 Notabis
515 1686 607 1739 vero
623 1666 830 1759 discrimen,
858 1666 956 1757 quod
974 1669 1096 1739 turbas
1112 1672 1207 1742 inter
1216 1721 1235 1765 ,.
1263 1687 1271 1708 ¹

166 1789 260 1858 quae,
278 1765 480 1860 srmpliciter
506 1763 634 1842 secutae
660 1766 761 1858 sunt,
790 1766 992 1840 &Petrum
1018 1768 1231 1864 intercedit,

165 1869 349 1960 aliosque,
364 1868 435 1958 ‚qui
460 1868 626 1940 omnibus
652 1866 781 1958 relislis
807 1865 918 1950 secuti
941 1865 1043 1957 sunt,
1078 1869 1257 1948 &Mat·····-

164 1969 319 2057 lhaeum,
345 1968 405 2057 qui
418 1967 551 2059 surgens
561 1966 685 2064 [ειτηερ
704 1968 765 2061 ‘fii
789 1988 865 2040 non
874 1963 1240 2066 finpliciterquidem,

164 2065 306 2145 secutus
323 2065 395 2157 est,
421 2063 481 2138 sed
497 2064 683 2159 postquam
700 2065 870 2157 surrexit:
897 2087 1061 2161 magnum
1077 2068 1164 2146 illud
1181 2067 1234 2152 est
1260 2083 1262 2088 ·

165 2167 467 2253 additamentum
503 2162 693 2256 Postquam
716 2165 880 2239 surrexit.
930 2162 1109 2241 Nonnulli
1132 2181 1236 2246 certo

165 2265 269 2358 sunt,
295 2266 355 2358 qui
371 2265 506 2359 semper
523 2265 753 2359 plurimarum
769 2269 953 2338 turbarum
968 2264 1074 2338 instar
1085 2266 1233 2361 sequun-

166 2380 247 2458 tur,
274 2386 343 2438 nec
358 2377 478 2442 tamen
493 2357 817 2453 consurrexerunt,
838 2379 879 2437 ut
894 2362 1147 2459 sequerentur,
1164 2389 1235 2446 neo

169 2466 290 2542 omnia
306 2466 403 2557 prius
419 2464 462 2536 ad
478 2461 519 2556 se¹
539 2466 758 2556 pertinentia
775 2463 981 2537 dimiserunt
996 2489 1009 2553 3
1036 2469 1095 2556 qui
1118 2489 1235 2559 vero,

168 2565 355 2661 postquam
366 2561 633 2657 surrexerunt,
659 2562 834 2637 subsecuti
851 2565 941 2656 sint,
969 2567 1106 2657 oppido
1128 2570 1236 2660 pauci

168 2666 268 2752 sunt3
296 2665 330 2736 u
347 2661 400 2735 isti
415 2662 556 2753 quidem
572 2667 609 2737 in
623 2665 905 2759 ‘regeneratione
925 2662 1027 2757 super
1043 2666 1236 2746 duodecim

169 2770 326 2852 thronos
350 2761 534 2841 sedebunt.
585 2761 744 2840 Portosr
767 2766 843 2858 quia
863 2763 974 2843 sanari
990 2767 1092 2857 vult,
1117 2766 1237 2866 Jesum

168 2865 344 2957 sequatur.
1233 2921 1235 2928 .

174 3028 235 3155 De
273 3052 479 3173 Psonisaels
504 3056 555 3156 n
581 3057 727 3148 Scribis
758 3029 890 3175 Jeson
922 3058 1164 3150 tentantibus
1184 3027 1263 3156 nr

278 3175 424 3266 donnini
449 3171 554 3259 licen
579 3171 741 3285 qnalibet
766 3201 817 3257 ex
842 3167 1132 3289 conservatorem
1291 3170 1299 3188 '

516 3283 632 3401 strom
662 3291 876 3395 repnsion.

149 3517 152 3524 ·
248 3468 305 3541 16.
331 3461 510 3562 Scriptum
532 3461 583 3535 est
606 3462 737 3538 deinde
765 3460 936 3538 accellllle
949 3464 993 3538 ad
1015 3486 1096 3540 eum
1118 3464 1241 3540 Phari-

172 3562 282 3656 saeos,
310 3575 492 3641 tentantes
512 3584 622 3656 eum,
649 3562 878 3640 &dicentesz
904 3565 946 3634 Si
959 3566 1033 3635 licet
1050 3567 1175 3635 homini
1193 3569 1239 3638 di.

173 3670 304 3736 mittere
318 3687 444 3735 uxorem
452 3662 544 3751 fitam
556 3687 743 3759 quacunque
765 3689 804 3734 ex
817 3664 928 3751 confir?
954 3662 1076 3739 Simile
1093 3687 1241 3758 quoque

173 3761 310 3856 scripsit
323 3761 484 3840 Marcus.
533 3759 592 3835 Ex
609 3765 651 3836 iis
666 3763 797 3859 igitur,
825 3764 884 3854 qui
904 3762 947 3835 ad
959 3763 1076 3857 lasum
1094 3767 1243 3846 accedo

174 3864 264 3937 bant
282 3864 608 3959 &interrogabant
624 3915 636 3953 ‚
669 3863 837 3938 nonnulli
859 3883 942 3937 eum
961 3865 1125 3962 tentandi
1141 3865 1244 3948 causa

176 3964 473 4068 interrogabant:
499 3982 580 4044 cum
595 3963 703 4146 igitiu
717 3975 839 4045 tantus
853 3963 914 4044 ille
930 3962 1106 4045 servator
1120 3963 1249 4068 nosteg

706 4082 729 4164 5
1086 4074 1219 4141 terne
