2800 4567
204 337 207 342 ·
335 309 399 387 IN
424 306 798 388 MATTHAEUM
823 307 951 390 'Tora
977 303 1090 390 XVI.¹
1180 329 1251 412 373

179 469 345 546 confidat
357 474 487 570 ille,a
468 470 581 565 aJesu
596 473 690 546 enirn
705 473 849 548 minime
864 467 1065 565 ejicietur,'-
1075 494 1192 568 neque
1202 477 1247 552 de

176 576 288 645 rebus
308 574 351 644 ad
365 594 447 646 eum
464 573 724 662 pertinentibus
747 574 938 664 quidquam
954 586 1159 656 evertetur,
1184 595 1245 650 ne·

177 694 250 762 que
268 673 380 763 quali,
406 693 465 763 qur
457 674 659 747 latronum
678 671 877 765 speluncam
902 674 1047 747 domum
1066 676 1242 750 orationis

173 772 327 860 fecerit,
356 766 475 845 uerbis
496 785 661 862 tanquam
680 774 772 844 latro
791 771 1034 870 castigabitur,
1063 793 1153 846 cum
1167 775 1240 868 'poe-

171 891 238 945 nas
265 871 419 960 dabunt,
447 869 506 962 qui
532 872 727 943 latrociniis
754 868 820 944 suis
848 873 881 943 dc
908 874 1066 963 nequitia
1092 877 1253 951 domum·

176 971 356 1044 orationis
371 973 550 1042 latronum
567 970 768 1062 speluncam
783 972 961 1048 fecerunt.
1029 981 1031 986 '

253 1089 309 1161 23.
336 1068 525 1159 Postquam
552 1091 638 1166 ergo
660 1073 901 1166 excogitatam
927 1092 946 1143 a
970 1068 1097 1162 nobis,
1121 1070 1251 1144 &ec-t

172 1169 285 1241 clefiae
311 1169 443 1262 duplici
468 1169 581 1241 modo
607 1170 817 1262 applicatam
844 1163 1105 1263 expofitionem
1132 1171 1236 1263 super

168 1269 351 1342 hocloco
373 1268 797 1363 tradidimus,agedum,
824 1291 866 1342 an
889 1291 935 1344 eo
961 1289 1107 1362 quoque
1129 1270 1235 1361 pasto

169 1367 323 1462 intelligi
349 1368 497 1459 possint,
524 1389 602 1459 quae
623 1369 695 1442 boc
721 1369 898 1444 habentur
922 1371 1030 1460 loco,
1065 1385 1235 1460 preterea

169 1468 368 1542 videamus.
420 1466 642 1540 Haudsccus
665 1488 705 1540 ac
722 1469 888 1557 ecclesia,
914 1471 1122 1541 naturaliter
1147 1482 1235 1545 tem·

168 1565 268 1660 plum
285 1567 356 1639 Dei
382 1565 433 1638 est
447 1565 610 1639 universa
632 1582 758 1640 natura
776 1570 917 1641 rarione
934 1568 1101 1660 predita,
1128 1571 1171 1642 ad
1197 1567 1233 1643 id

170 1680 309 1755 creata,
334 1679 376 1738 ut
398 1668 515 1758 capiat
539 1667 687 1762 gloriam
713 1666 802 1756 Dei,
830 1689 908 1758 que
929 1665 1231 1758 Paralipomenon

168 1763 345 1850 secundo,
371 1763 407 1837 da
426 1769 537 1838 tertio
558 1764 701 1861 Regum
727 1767 801 1839 vila
826 1766 896 1840 elle
922 1767 1124 1856 intemplo
1150 1766 1232 1858 post

165 1863 272 1956 ipsius
297 1862 501 1938 strunuram
527 1878 698 1941 narratur.
749 1866 788 1937 ld
812 1881 952 1958 autem,
979 1867 1076 1958 quod
1102 1877 1229 1940 natura

167 1959 292 2061 suapte
311 1963 482 2057 templum
502 1963 570 2037 Dei
586 1962 657 2057 est,
684 1941 833 2039 animam
858 1965 1015 2056 scilicet,
1043 1966 1232 2038 vendenti·

163 2059 292 2136 buti&
317 2064 515 2137 ementibus
543 2063 843 2178 cogitationibus,
870 2067 904 2137 dc
930 2084 1162 2155 quacumque
1185 2065 1229 2139 ad

164 2181 243 2237 rem
258 2163 488 2238 numulariam
504 2164 701 2259 pertinent,
712 2164 979 2236 attendentibus
995 2185 1063 2236 nos
1078 2184 1230 2255 peccan-

162 2275 220 2335 tes
240 2263 522 2356 complevimus,
550 2277 657 2354 atque
671 2263 769 2335 alus
760 2277 868 2355 rtem,
894 2264 977 2337 dum
991 2263 1149 2356 peccatis
1165 2263 1241 2336 de·¹
1309 2349 1315 2360 ¹

158 2363 226 2436 diti
253 2359 390 2453 sumus,
423 2363 663 2435 vendentibus
688 2361 722 2435 dr
747 2364 1026 2454 nundinantibus
1053 2361 1248 2455 quidquid-

159 2459 340 2536 sanctum
331 2483 367 2535 tn
383 2465 496 2534 anima
514 2460 634 2536 nostra
649 2463 825 2552 reliquum
843 2462 931 2554 fuit,
958 2462 1055 2554 quod
1072 2476 1149 2534 erat
1163 2480 1225 2534 co·

157 2563 302 2652 lumba,
328 2563 556 2656 replevimus
608 2561 681 2654 Qui
704 2581 793 2656 ergo
817 2563 974 2655 peccetis
989 2559 1113 2634 addicti
1128 2560 1222 2654 sunt,

160 2661 512 2758 &cogitationibus,
540 2681 617 2752 quae
630 2661 811 2733 latronum
825 2661 951 2736 similes
967 2661 1066 2750 sunt,
1090 2661 1221 2754 repleti

156 2758 262 2852 sunt,
282 2763 322 2840 iis
340 2761 388 2832 ait
402 2760 517 2853 Jesust
544 2763 704 2853 Scriptum
721 2760 777 2854 qi:
806 2764 927 2831 Dum
941 2785 1018 2846 mea,
1033 2761 1136 2830 domus
1152 2785 1222 2830 ora·

155 2865 260 2933 tionis
273 2860 455 2945 vocabitur&
480 2885 538 2929 vos
556 2875 660 2930 nutem
675 2859 796 2954 feciflr's
819 2862 904 2930 illam
922 2859 1098 2954 speluncam
1119 2861 1220 2928 latro·

154 2985 247 3035 num.
297 2958 476 3032 Latrones
496 2979 605 3052 ergo,
632 2961 692 3052 qui
715 2959 862 3033 domum
884 2959 1060 3031 orationis
1085 2957 1223 3050 spelun-

157 3080 238 3132 cam
255 3057 420 3132 fecerunt
436 3061 637 3151 latronum,
663 3060 800 3149 templo
823 3058 930 3150 ejecit
952 3056 1072 3152 Jesus:
1097 3073 1134 3129 ar
1160 3056 1233 3150 qui.

154 3160 284 3232 eadem
297 3159 342 3232 de
356 3158 436 3251 Jesu
451 3156 620 3249 sentiunt,
639 3178 717 3250 quae
733 3159 906 3249 latrones,
922 3158 967 3230 de
981 3155 1063 3252 Jesu
1076 3154 1220 3247 quidem

157 3259 346 3334 dixerunt:
377 3261 785 3352 Cruciflga,crucifigeeum‚·
812 3257 856 3330 de
871 3259 1014 3330 latrone
1030 3271 1146 3330 autem
1156 3253 1219 3327 Ba·

157 3359 289 3432 rabba:
318 3364 462 3429 Dimitte
475 3359 565 3428 nulls
581 3357 760 3430 Ranilum.
802 3355 986 3451 Quocirca
1003 3355 1044 3429 ad
1062 3357 1152 3429 hanc
1167 3354 1234 3428 us··

156 3477 230 3550 que
244 3457 337 3531 diem
351 3455 466 3551 Jesum
485 3459 625 3550 quidem
640 3477 716 3530 non
731 3456 866 3529 habent
879 3454 1011 3550 Judaei,
1030 3475 1105 3529 nec
1122 3456 1218 3532 enim

154 3559 194 3632 in
204 3553 332 3632 Filium
349 3558 418 3630 Dei
434 3556 681 3644 crediderunt3
709 3554 1217 3652 atlatronemBarabbasn,qul

156 3655 204 3730 de
227 3656 464 3749 spiritualibus
484 3658 652 3748 nequitiae
675 3654 747 3746 est,
767 3657 838 3747 jam
864 3654 1155 3746 comprehensum
1183 3653 1218 3726 dt

152 3775 303 3830 carcere
319 3756 522 3830 conclusum
539 3757 654 3830 secum
670 3755 823 3842 habent,
849 3774 954 3845 quem
979 3753 1164 3828 adversum
1181 3752 1216 3826 se

156 3857 286 3932 dimitti
311 3854 601 3950 postulaverunt.
620 3868 828 3949 propterea
858 3853 1125 3930 incredulorum
1157 3850 1217 3947 Ju-

155 3955 341 4033 deorum
332 3960 518 4051 lmperium
534 3969 637 4031 tenet
635 3954 828 4127 glarabbas
844 3953 951 4038 latro.
1128 4055 1161 4121 ll

682 4075 701 4127 a
730 4075 750 4152 3
1160 4075 1179 4119 ι
