2800 4567
291 283 354 360 ru
378 275 753 358 martrinum
776 277 898 356 ron.
923 278 1060 357 xvrt.
1133 285 1206 382 >ns
1316 326 1320 331 .

135 464 266 539 traque
291 445 397 539 ipsam
425 444 575 520 animam
603 456 803 534 penetrat,
836 443 969 532 sibique
998 445 1090 519 hanc
1118 469 1207 519 trxo·

137 571 216 625 rem
235 545 393 635 assumit,
430 545 462 617 &
481 546 566 617 cum'
585 543 656 636 ipsa
675 546 788 615 anima
813 544 847 612 in
866 544 1002 618 bonum
1024 549 1145 635 animae¹
1165 568 1208 620 ac

137 645 528 736 felicitatem-habitat,
562 657 693 736 utpote
721 664 798 733 quae
819 643 921 732 juxta
941 644 1009 716 Dei
1039 649 1207 719 voiunta-

137 763 216 823 tem
243 750 343 819 alteri
371 767 412 817 ac
437 743 603 836 spirituali
620 745 692 838 iegi
720 740 886 833 nupserit.
922 746 1058 838 'Quam
1089 766 1209 822 autem

140 849 284 944 prolem
313 846 526 938 pepererit,
553 865 594 915 ac
613 841 775 939 genuerit
794 844 949 932 mulier,
971 845 1020 915 'id
1038 846 1110 937 esi,
1139 847 1210 920 ani·

139 969 201 1025 ma
218 945 404 1039 postquam
426 964 506 1017 cum
524 942 682 1017 secundo
698 964 738 1013 ac
755 940 921 1033 spirituali
942 943 1051 1016 sratre
1069 967 1208 1018 connu-
1299 1019 1304 1028 ,

140 1050 209 1123 bio
223 1044 344 1139 juncia
363 1045 502 1135 suerit,
533 1065 579 1116 ex
597 1044 745 1115 nomine
763 1043 881 1114 fratris
900 1042 1003 1137 ipsius
1029 1045 1209 1121 demortui

143 1146 307 1237 constat,
337 1144 543 1236 &apriore
562 1142 789 1235 quidemnon
802 1145 939 1234 oritur,
966 1146 1076 1233 priori
1091 1164 1210 1222 tamen

143 1244 463 1341 cognominisest3
490 1244 597 1317 foetus
620 1244 776 1315 enimex
798 1240 962 1333 spirituaii
981 1246 1059 1340 iege
1077 1247 1210 1337 produ.

86 1409 90 1414 .
142 1346 221 1420 cius
231 1351 367 1418 'nomen
377 1345 524 1417 obtinet
535 1339 730 1428 desunciae,
756 1343 924 1433 quoniam
941 1345 999 1415 lex
1012 1344 1123 1417 Dei&
1140 1346 1212 1440 ipsa

141 1447 369 1531 vocabatur,
399 1465 468 1540 nec
494 1464 538 1516 ex
570 1442 763 1537 perspicaci
798 1462 839 1513 ac
873 1463 965 1515 uero
998 1442 1124 1521 Israese
1151 1449 1212 1522 de·

142 1546 280 1622 mortui
298 1546 367 1619 viri
388 1565 524 1618 nomen
549 1543 660 1616 deleri
677 1557 850 1635 oportet,
878 1544 1008 1618 etiamsi
1023 1544 1095 1638 ipse
1118 1548 1213 1632 dele,-

141 1660 204 1721 tus
226 1645 278 1720 fit.

224 1765 278 1835 32·
305 1744 393 1817 Haec
412 1762 499 1839 ergo
520 1740 565 1815 de
590 1742 670 1836 lege
690 1762 736 1813 ex
756 1756 859 1834 parte
877 1738 967 1813 diua
987 1741 1076 1829 sint,
1102 1748 1211 1821 nobie

144 1860 265 1919 eutem
279 1842 524 1932 Deorursum,
547 1846 605 1913 vei
624 1843 847 1936 etiamnragis
864 1860 1099 1934 quamantea,
1119 1868 1212 1939 opus

143 1945 219 2028 est,
245 1945 303 2034 qui
325 1946 366 2014 ai
386 1942 606 2031 sequentium
619 1944 866 2035 cognitionem
884 1961 1041 2018 mentem
1053 1946 1211 2023 nostram

85 2099 93 2130 ,
143 2048 181 2120 in
203 2042 344 2116 Christo
365 2040 523 2114 illustret.
577 2046 778 2131 Sinnium,
805 2044 940 2131 inquit,
966 2047 1109 2115 noluerit
1122 2052 1213 2119 immo

85 2195 97 2232 .-
144 2150 278 2240 accipere
303 2165 430 2213 uxerem
443 2140 567 2232 fratris
583 2141 654 2225 sui,
684 2158 790 2235 perget
815 2165 893 2210 uxor
911 2142 1039 2234 fratris
1064 2148 1153 2241 ipisus
1173 2150 1214 2222 ad
1303 2145 1305 2150 ’

85 2303 93 2334 ,
144 2261 289 2345 porram,
316 2239 354 2312 ad
372 2245 502 2335 maiorer
527 2256 633 2317 natu,
662 2242 699 2315 ei
719 2244 821 2325 dicer,
847 2262 923 2331 quae
942 2241 1211 2340 sribjnnguntur.

85 2365 113 2430 ,c
145 2346 204 2418 Ac
224 2346 373 2437 primum
394 2342 534 2432 quidem
548 2340 724 2429 observa,
753 2355 927 2431 quatenus
945 2347 1031 2437 segis
1047 2352 1213 2426 mandata

85 2487 102 2530 ς
143 2443 339 2521 facessebat
363 2444 511 2521 mulier,
539 2441 646 2513 &vir
673 2440 717 2513 ad
737 2444 830 2514 issam
852 2442 1021 2535 ingressus
1040 2467 1110 2518 una
1130 2470 1214 2526 cum

85 2585 101 2624 a
144 2544 219 2639 ipsa
240 2544 450 2631 habitabat,
484 2542 691 2629 liberosque
711 2563 757 2612 ex
776 2563 817 2614 ea
836 2540 1072 2637 suscipiebat,
1099 2548 1216 2623 homi·
1280 2610 1282 2614 .

84 2691 97 2730 .-
143 2667 230 2721 nem
243 2665 317 2714 non
330 2640 429 2712 fuisse
442 2638 592 2731 dissum,
614 2639 671 2712 sed
687 2638 834 2714 fratrem
854 2644 922 2714 viri
934 2646 1110 2718 mulieris:
1131 2668 1214 2724 cum

84 2793 119 2832 e.
145 2759 268 2819 autem
280 2761 430 2813 uxorem
451 2738 568 2811 fratris
589 2738 637 2810 sui
659 2758 810 2811 uxorem
829 2760 905 2813 non
924 2748 1004 2815 vult
1022 2743 1217 2839 assumere,

84 2859 89 2872 ·
140 2844 185 2918 bt
198 2862 334 2917 nomen
350 2840 468 2913 fratris
489 2837 536 2911 sui
557 2841 593 2909 in
612 2836 714 2910 lsrael
736 2836 899 2918 suscitare
912 2843 1069 2934 recusat,
1097 2867 1220 2918 accer-
1241 2853 1248 2862 '

86 2985 90 2992 -
146 2946 306 3034 situsque
327 2964 344 3012 a
367 2938 490 3012 senatu
519 2939 674 3011 civitatis
697 2937 808 3010 dicit:
834 2938 940 3013 Nolo
959 2963 1036 3015 eam
1064 2964 1222 3038 uxorem

84 3059 87 3126 ξ
148 3043 335 3134 accipere,
361 3040 658 3112 &calceamento
679 3035 809 3134 exutus
830 3040 1025 3135 ignominia
1043 3059 1218 3139 notatur,

84 3183 86 3192 ·
148 3140 387 3217 &infaciem
416 3134 626 3230 conspuitur
648 3158 668 3209 a
690 3139 870 3231 muliere,
898 3140 1220 3221 &·transnomina·
1313 3171 1318 3184 ·

146 3256 233 3331 tur,
259 3256 300 3312 ut
311 3260 445 3312 nomen
463 3238 555 3311 illius
573 3238 634 3330 stt,
660 3240 765 3307 domur
781 3239 972 3328 discalceati,
1000 3256 1088 3317 tunc
1105 3248 1220 3321 homi·

146 3363 234 3426 nem
253 3338 354 3413 fuisse
379 3340 607 3430 appellatum.
657 3338 752 3411 Nam
775 3353 926 3433 propter
945 3344 1030 3438 legis
1050 3344 1220 3422 observa-

145 3443 314 3531 tionem,
341 3438 434 3530 quasr
452 3440 486 3512 id
506 3440 554 3511 issi
579 3438 791 3512 dicebatur:
827 3438 891 3533 Ego
910 3444 1003 3512 dixi.-
1041 3449 1105 3516 Dii
1122 3449 1219 3543 eliis,-

146 3554 304 3637 propter
319 3558 377 3611 res
400 3552 518 3611 autem
536 3550 664 3610 contra
683 3540 800 3632 segem
819 3540 955 3635 gestas,
981 3547 1074 3635 quast
1097 3567 1220 3640 repre·

144 3641 321 3717 'itenditur
348 3660 368 3711 a
393 3636 563 3731 scriptura
580 3636 640 3729 ipsr
655 3637 830 3714 dicente:
861 3645 923 3712 Vos
943 3661 1049 3713 aurem
1065 3647 1142 3737 ficar
1160 3648 1219 3717 be·

148 3745 252 3810 mines
271 3744 463 3809 moriemini.
514 3738 676 3809 Attende
693 3758 807 3829 porro
828 3761 871 3812 an
891 3741 972 3832 post
991 3744 1152 3817 litteralis
1163 3746 1219 3817 in·

146 3838 423 3931 terpretationis
443 3852 624 3928 mortem,
658 3839 761 3909 aliam
777 3839 864 3933 legis
882 3841 1217 3935 interpretationem

147 3952 272 4017 mente
282 3938 388 4035 possis
405 3938 621 4036 concipere,
647 3938 829 4018 eruribus
848 3941 1216 4042 implicitamneque

764 4081 769 4092 ι
1075 4041 1201 4134 spiri·'
