2800 4567
282 331 406 420 ΙΝ
429 325 803 408 MATTHAEUM
836 328 957 408 Tou.
980 327 1071 418 XV.
1173 355 1243 430 213

171 511 304 572 tentare
325 498 487 591 Spiritum
503 489 661 566 Danuui?
696 495 773 566 Ecce
793 498 881 587 pedes
899 518 1020 582 aarum,
1046 495 1238 592 quisepelie·

168 613 254 669 runt
275 602 388 666 airum
409 612 521 676 tuum,
552 598 593 664 ed
608 591 806 689 aldim&
826 594 957 685 efferent
975 609 1015 666 te.
1068 595 1238 693 Confestim

166 704 256 772 anim
271 698 376 765 cecidit
392 698 430 770 (5
445 698 500 764 ida
516 710 594 780 ante
602 698 738 794 pedor
707 717 798 791 ejus,
824 698 861 771 U
878 699 1051 789 expiravit.
1096 694 1241 776 Verum
1293 757 1295 762 .

169 798 241 869 dici
266 794 405 888 potest,
432 796 551 868 animo
576 795 827 868 conturbatam
852 795 944 869 hanc
966 793 1000 866 dr
1023 794 1243 915 oppreliam,

166 908 247 968 tum
266 895 363 986 quod
378 895 516 987 peccati
532 892 716 968 manifesta
731 893 843 982 foret,
858 895 986 990 partim
1000 909 1110 990 propt
1113 917 1150 964 er
1166 894 1241 972 viri.

167 998 429 1080 calamitatem,
456 993 490 1066 u
514 1009 733 1110 conceptum
755 993 839 1066 inde
860 1013 1071 1086 moerorem,
1105 999 1234 1086 partim

166 1094 296 1175 etlam,
313 1093 412 1186 quod
427 1107 554 1186 peccat
556 1096 565 1165 i
581 1097 618 1168 in
634 1090 912 1188 Deum-conseia
929 1093 1163 1170 vehementer
1175 1116 1234 1170 an.

165 1210 332 1291 geretur,
361 1193 472 1280 vitam
496 1214 575 1266 cum
599 1191 996 1285 morte-cornmutalie3
1035 1208 1115 1267 cum
1134 1195 1234 1287 prius

166 1295 265 1368 castis
279 1294 330 1365 illi
346 1293 592 1385 impendentes
605 1292 733 1368 Petrus
746 1291 869 1389 spiritu
885 1291 1110 1388 ptaevidiffet.
1143 1294 1232 1368 Haec

164 1396 287 1466 omnia
307 1402 354 1465 'eo
377 1395 523 1464 anobis
545 1392 635 1465 dicta
658 1392 756 1486 sunt,
785 1409 824 1464 ut
846 1414 1134 1485 unumquemque
1154 1414 1232 1488 per·
1259 1445 1269 1494 ,

163 1491 296 1566 sedtum
311 1492 465 1564 evadere
483 1495 670 1567 volentem
688 1513 813 1585 parere
829 1492 927 1585 polle
941 1495 1135 1586 probemus
1150 1493 1232 1588 Jesu

165 1594 319 1666 dicenti:
349 1592 447 1674 laide,
465 1594 734 1689 continemini
735 1618 783 1681 es,
803 1593 896 1668 (idn
911 1597 1109 1709 pauperibus.
1137 1594 1231 1670 Stru-¹

164 1712 323 1766 nuorum
351 1706 492 1783 autem,
527 1679 731 1766 &numeris
751 1693 943 1784 omnibus,
975 1693 1034 1786 qui
1058 1690 1229 1786 episcopo

163 1791 378 1886 potissimum
394 1785 653 1883 conveniunt,
679 1791 926 1890 absolutorum
941 1792 1126 1866 hominum
1150 1811 1230 1884 pat

162 1905 217 1964 tes
247 1889 379 1980 client,
412 1910 477 1963 eos
498 1891 699 1982 adhortari,
736 1892 862 1980 quibus
882 1891 1033 1986 'facultas
1052 1890 1230 2003 suppetit,

164 1992 299 2082 quique
318 1989 563 2062 adhortationi
578 1993 852 2084 obtemperant,
881 1992 959 2065 dt
936 2013 979 2068 ns
1001 2013 1056 2065 res
1072 1991 1156 2064 vitae
1170 2011 1229 2066 nc·

162 2088 324 2163 cellariae
340 2110 558 2166 ceommunr
550 2087 864 2186 subministrando
877 2092 966 2164 alios
979 2091 1021 2166 ad
1033 2091 1127 2188 idem
1142 2112 1230 2182 quo·

162 2211 233 2280 que
247 2188 449 2281 impellere;
476 2191 678 2281 exemplum
693 2189 786 2263 enim
799 2191 978 2281 quoddam
994 2192 1167 2262 unanimis
1179 2191 1230 2262 vi·

162 2302 206 2362 tae
226 2289 326 2465 tillud
348 2287 457 2384 ellat,
493 2308 598 2381 quam
625 2304 792 2386 tempore
818 2287 1083 2384 Apostolorum
1106 2286 1231 2378 fideles

161 2409 224 2485 age
254 2402 314 2460 ant

241 2491 296 2560 16.
325 2488 497 2581 Querere
520 2500 640 2564 autem
660 2487 782 2605 potest
803 2457 949 2580 aliquis,
985 2487 1209 2581 quomodo
1199 2509 1228 2562 rs

162 2585 342 2681 perfectus
360 2584 429 2660 elle
451 2600 576 2679 queat,
610 2609 674 2680 qut
660 2587 877 2664 facultates
897 2607 1023 2663 omnes
1044 2589 1119 2662 suas
1140 2609 1228 2660 vcn-

158 2687 274 2779 didit,
302 2687 768 2801 &pauperibuserogavit,
786 2710 876 2762 cum
901 2689 961 2762 illc
984 2690 1125 2764 demum
1150 2706 1227 2781 per·

161 2785 275 2864 fellus
293 2785 355 2876 fit,
382 2787 442 2876 qui
466 2789 631 2861 omnibus
651 2787 845 2860 virtutibus
861 2785 1106 2897 instrudius,
1093 2809 1163 2877 Jam
1177 2786 1226 2857 ni·

160 2886 211 2962 hil
233 2885 382 2978 amplrus
396 2886 555 2977 nequitia
574 2871 764 3003 adduiius,
791 2875 901 2964 facit
938 2881 1027 2964 Esto
1044 2889 1150 2971 enim,
1168 2885 1225 2962 ali-

160 2988 239 3078 quis
255 2985 291 3057 id
305 2984 432 3058 fecerit
435 2985 671 3082 ,quomodo
662 2985 806 3062 minime
824 2986 1012 3060 iracundus
1029 2985 1227 3077 derepente

160 3085 347 3202 prodibit,
380 3083 439 3156 st
429 3099 612 3178 impotens
639 3087 700 3163 irae
727 3099 832 3158 antea
857 3081 998 3162 iue'riti
1034 3084 1226 3176 quomodo

160 3186 247 3257 item
262 3185 378 3256 omnis
392 3186 580 3257 anxietatis
598 3187 746 3278 expers,
775 3184 927 3257 &rebus
935 3179 1107 3259 omnibus
1128 3182 1226 3276 supe·

160 3286 262 3376 rior,
291 3303 368 3375 quae
384 3284 521 3368 homini
542 3287 754 3381 contingere
775 3282 942 3379 potsunt,
969 3285 1002 3360 dt
1029 3283 1226 3360 molestiam
1299 3275 1318 3300 ²

153 3383 223 3478 ipsi
238 3380 389 3478 parere?
417 3385 604 3476 quomodo
621 3387 738 3462 omnis
754 3405 889 3458 vacuus
900 3383 1226 3478 formidinia,quam

158 3483 238 3560 live
255 3481 651 3599 dolores&aetumnae,
670 3484 744 3559 siue
755 3503 874 3580 mors,
900 3485 962 3556 vel
967 3505 1017 3564 ea
1030 3483 1226 3576 incutiunt,

161 3601 411 3676 quecumque
411 3581 449 3655 in
466 3583 617 3660 animam
632 3584 824 3659 etiamnum
835 3569 1079 3682 imperfedlam
1100 3581 1228 3656 cadere

159 3677 335 3799 poliunt?
363 3683 421 3773 qui
439 3677 524 3775 fiet,
551 3699 592 3757 ut
600 3687 687 3777 ,qui
703 3681 891 3756 facultates
910 3671 1087 3773 vendidit,
1101 3683 1134 3754 dc
1148 3703 1229 3778 ege·

160 3784 217 3858 uis
233 3781 422 3874 distribuit,
430 3783 518 3854 nulli
538 3783 580 3858 fit
598 3783 784 3876 cupiditati
806 3781 1014 3858 obnoxiusl
1041 3779 1118 3855 fieri
1132 3779 1227 3854 enim

160 3878 264 3980 posse
284 3879 380 3954 dicet
401 3881 594 3974 quispiam,
620 3896 663 3958 ut
687 3904 733 3956 ex
754 3900 825 3971 eo,
851 3879 952 3974 quod
968 3880 1136 3970 ,bonasua
1150 3876 1230 3970 upi-

161 3977 267 4056 uersa
282 3979 407 4073 aliquis
424 3978 821 4182 ἀίιιιιιιειίι,ἆιιι;ιιιιιί
828 3981 968 4076 aliquid
968 3982 1026 4102 db
1041 3991 1233 4148 ᾳιιιξξὲ
