2800 4567
305 321 369 430 iN
392 318 768 400 MATTHAEUM
800 319 923 396 Tou.
948 318 1039 399 XV.
1139 337 1208 396 not

159 489 197 574 in
215 486 327 559 vitam
340 485 486 581 ingredi.
535 484 631 556 Vide
651 503 760 579 ergo,
782 502 902 556 annon
922 500 992 553 una
1006 481 1230 573 quidenna«.
1288 492 1296 505 ‘

160 589 263 660 tione
279 600 379 658 extra
392 587 508 658 vitam·
529 579 742 656 constitutus
758 583 822 669 stt,
850 582 908 674 qui
924 597 1026 654 extra
1042 603 1121 655 eum
1138 579 1211 677 est,

162 690 220 779 qui
250 686 357 759 dixit:
384 685 447 777 Ego
454 686 533 774 sum,
548 688 642 768 vira,
669 681 703 754 &
728 684 771 755 ob
797 682 860 753 ilio
886 679 1020 753 alienus
1048 678 1118 772 est;
1145 680 1214 754 alia

160 785 437 875 renotatione,
470 783 625 874 quisquis
653 777 904 873 superterram
927 778 1048 875 degit,
1081 776 1216 860 etiamst

158 882 353 978 justiffimur
372 879 432 974 iit,
457 883 492 954 in
507 886 631 958 umbra
646 879 785 973 quidem
804 882 887 952 vitae
909 875 977 951 eise
995 876 1137 972 potest,
1164 879 1215 953 di·

164 1004 274 1058 cens:
307 984 454 1078 Spiritus
478 987 541 1052 oris
564 980 660 1077 noflri
686 980 829 1075 Chriflur
852 984 1035 1068 Dominus,
1060 983 1111 1048 sui
1127 982 1216 1049 disci..¹

163 1105 257 1156 urus:
285 1084 325 1153 In
346 1081 453 1153 umbra
473 1094 529 1152 iua
543 1085 686 1152 vivemus
699 1084 736 1150 in
752 1077 916 1175 gentibus,
942 1075 1065 1172 utnon
1086 1078 1123 1150 in
1142 1076 1215 1170 ipsa

162 1183 259 1262 vita,
285 1194 415 1275 utpote
428 1183 486 1272 qui
498 1182 625 1253 mortis
640 1199 796 1272 corpore
809 1179 952 1252 indutus
968 1178 1042 1271 fit,¹
1058 1177 1214 1253 &dicatr

164 1283 250 1376 Quis
274 1304 319 1350 me
336 1280 480 1352 liberabit
502 1282 536 1351 de
553 1301 672 1377 corpore
694 1285 802 1352 mortis
816 1277 936 1375 hujus?
969 1276 1020 1350 &t
1046 1279 1157 1349 Sedeas
1171 1284 1216 1350 'in

165 1384 287 1482 ugione
303 1379 340 1455 o
358 1380 467 1452 umbra
478 1377 605 1467 mareis,
627 1378 705 1452 &in
717 1381 891 1452 vivorum
910 1395 1039 1454 tetram
1055 1378 1216 1453 nondum

165 1477 400 1576 pervenerim
428 1480 504 1552 vita
529 1480 694 1571 siquidem
718 1500 792 1552 non
821 1480 1012 1570 impiorum
1027 1475 1217 1550 solummo-

166 1581 236 1670 do,
262 1577 321 1652 sed
341 1577 438 1652 Pauli
462 1581 566 1652 etiam
587 1577 834 1671 superterram
860 1578 1044 1674 degentis,
1072 1578 1104 1649 ἃ
1131 1597 1217 1669 apo·

165 1677 340 1754 stolorum
366 1680 405 1769 in
423 1677 507 1750 Deo
533 1691 609 1752 erat
638 1677 855 1752 abscondito.
907 1679 973 1750 Ait
989 1685 1096 1770 ergo:
1138 1681 1219 1750 Wta

167 1778 271 1873 ueflra
286 1778 325 1874 esi
342 1772 517 1868 abscondita
535 1802 601 1848 cum
622 1778 741 1873 Christo
755 1783 791 1848 in
808 1782 892 1864 Deo,
916 1800 985 1848 sum
1006 1773 1149 1873 Cbriflus
1164 1797 1222 1874 ap·

164 1883 328 1977 paruerit,
352 1881 425 1948 uita
440 1877 567 1963 nodra,
592 1895 668 1949 tuns
685 1875 724 1952 (5
747 1899 803 1947 oos
818 1878 1003 1972 apparebitis
1019 1901 1086 1948 aum
1107 1877 1219 1973 ipsein

165 1981 277 2078 gioria.
327 1978 570 2075 Quaecumque
597 1991 713 2050 autem
736 1975 799 2065 ad,
836 1982 954 2064 intra,
978 1976 1010 2050 u
1038 1978 1101 2068 od,
1127 1994 1220 2049 extra

167 2077 352 2174 pertinent
368 2076 595 2167 obiervabis‚
621 2090 662 2148 ut
679 2097 755 2167 quae
771 2075 823 2147 his
838 2089 1069 2169 congruunt:
1097 2082 1137 2148 Si
1165 2082 1220 2147 vis

168 2180 208 2249 ad
231 2183 337 2247 vitans
366 2177 506 2269 ingredi,
531 2175 629 2249 srmul
653 2177 816 2270 colligas:
844 2177 947 2249 verbi
962 2172 1078 2248 causa:
1105 2180 1220 2269 Rogata

170 2303 238 2371 ergo
253 2278 411 2346 dominum
428 2274 544 2367 meffir,
571 2292 609 2344 ut
625 2282 737 2345 mittat
756 2282 906 2369 operarias
931 2280 967 2346 in
982 2272 1096 2365 meffem
1107 2278 1222 2364 suam:

171 2396 305 2470 queres
331 2377 442 2462 enim,
467 2375 561 2447 unde
577 2375 716 2462 mittat3
742 2372 775 2446 u
800 2374 966 2465 iquidenr
982 2373 1039 2447 hic
1056 2374 1226 2468 fintope·

159 2476 249 2550 rarii
265 2472 348 2548 miffi
363 2475 399 2547 in
419 2472 558 2549 meffem
575 2473 744 2564 Domini,
770 2487 870 2546 extra
884 2496 964 2547 eunr
985 2475 1105 2546 locum
1121 2474 1223 2570 sunt,

172 2597 192 2650 e
211 2596 284 2667 quo
300 2573 446 2647 fuerunt
459 2573 597 2663 dimisit,
624 2573 657 2646 δι
682 2572 764 2665 post
775 2572 895 2668 ¹messis
912 2593 1024 2667 opera
1035 2572 1129 2646 redte
1144 2592 1225 2666 per·

132 2713 137 2721 ·
172 2673 298 2748 briain
314 2675 424 2746 vitam
439 2672 704 2772 ingredientur,
729 2693 756 2743 a·
769 2674 918 2744 mortuis
945 2671 1084 2764 quidem
1107 2673 1226 2765 operi.¹

173 2774 238 2847 bur
256 2772 419 2868 purgati,
447 2774 530 2853 viva
544 2782 661 2845 autern
674 2777 785 2864 opera
799 2771 852 2843 his
871 2771 1050 2844 contraria
1064 2771 1224 2866 agentes3

171 2892 239 2948 nec
262 2884 405 2946 mortua
431 2871 578 2962 amplius
599 2872 811 2961 loquentes,
837 2886 874 2943 at
891 2871 994 2964 juxta
1014 2871 1140 2943 vivum
1158 2869 1227 2943 ier·

173 2992 317 3049 monem
337 2968 462 3043 Dei&
489 2966 667 3044 efficacem
695 2968 866 3043 dicentes.
916 2966 971 3041 lta
992 2968 1096 3042 etiarn
1119 2968 1225 3044 instar

174 3073 372 3144 verborum
384 3083 524 3141 aeternae
542 3071 647 3162 vitae,
673 3066 829 3159 quedam
843 3068 922 3139 sunt
945 3067 1225 3163 cogitationibus

174 3165 417 3244 accusantibus
436 3167 641 3262 contraria„
668 3167 811 3257 quando
831 3165 963 3240 scilicet
988 3170 1246 3261 cogitationibus·

172 3268 384 3360 accusantibus
406 3268 459 3338 vei
484 3265 720 3362 defendentibus
745 3266 857 3340 indie
880 3266 1023 3359 judicii,
1059 3268 1087 3340 is
1111 3268 1228 3343 solvus

174 3371 271 3461 erit,
299 3368 398 3459 cujus
421 3367 665 3461 cogitationes
687 3364 901 3461 defendunt3
929 3368 1058 3460 peribit
1081 3383 1228 3464 autern,

178 3469 280 3561 cujus
304 3467 543 3562 cogitationes
574 3463 748 3546 accusant.
806 3466 959 3560 Quodfi
979 3487 1047 3542 nos
1061 3465 1167 3563 igitur
1190 3472 1230 3545 in

172 3568 288 3641 uitam
305 3586 449 3657 quoque
473 3567 641 3639 volumus
665 3564 823 3661 ingredi,
848 3565 1026 3639 audiamus
1043 3566 1157 3660 Jeium
1179 3569 1232 3642 di·

176 3682 341 3742 centem:
367 3668 407 3736 Si
419 3671 473 3737 vis
485 3667 524 3737 ad
537 3672 640 3736 vitant
653 3667 794 3758 ingredi,
810 3666 905 3753 serva
918 3667 1087 3755 mandata,
1112 3669 1144 3740 dt
1160 3688 1228 3760 pro
1265 3671 1267 3676 ’

174 3765 401 3842 servatorum
427 3766 574 3838 anobis
603 3764 850 3837 mandatorum
882 3766 1023 3839 ratione
1055 3766 1231 3846 advitam

175 3865 433 3964 ingrediemur,
462 3866 521 3937 vel
537 3864 718 3952 interioris
736 3862 840 3958 ipius
859 3885 899 3936 ac
914 3864 1108 3938 beatiffimae
1121 3867 1234 3963 partie

179 3978 371 4063 compotes
389 3962 504 4040 effebii
520 4015 534 4060 ,
558 3966 620 4040 vel
635 3961 884 4142 Ἓιιΐευωᾳυε
900 3964 1042 4054 tandem
1053 3965 1237 4043 minorum

588 4111 591 4113 v
727 4085 750 4161 ς
1074 4063 1206 4137 tenio·
