2800 4567
292 286 898 428 ruunrrurruuron.
925 340 1054 459 xuu
1110 367 1117 381 ·
1175 343 1200 440 i

133 502 459 600 compingeretur,
483 504 527 578 ab
549 510 669 598 eoqu'e
694 503 934 580 trucidaretur
945 529 963 580 z.
989 504 1119 598 deinde
1135 507 1199 608 jn·
1303 561 1307 582 ,

131 603 362 695 stercorum,
387 624 465 695 quae
483 603 651 678 adversus
667 602 782 680 Elium
800 600 1056 701 patraverunt,
1083 610 1126 681 ab
1140 609 1198 682 iis·

131 708 212 778 dem
231 701 412 797 passurum
437 702 473 778 se
499 707 569 781 ait:
611 705 734 797 Atque
759 706 835 779 hec
859 708 1001 797 quidem
1026 707 1121 798 quasr
1147 709 1193 782 de

131 803 209 877 Elia
235 804 443 894 querebant
467 803 654 899 discipuli,
680 805 717 877 ἂ
740 804 916 879 Servatur
940 806 1198 900 respondebat..

137 904 205 1001 Qui
213 916 344 989 ,autem
359 902 395 975 id
412 902 617 988 audierunt,
644 906 757 991 verba
770 906 864 998 haec,
896 906 1194 1005 sliasjamvenir,

85 1003 88 1014 '
136 1002 285 1093 &quod
309 999 542 1078 aSer-va'tore
558 1004 687 1080 deinde
707 1004 836 1078 oretum
853 1002 996 1098 est,·,ad
1015 1006 1194 1099 Joannem

130 1100 320 1196 baptistam
335 1103 485 1176 relatum
503 1101 572 1205 esse
590 1106 855 1180 intellexerunt.
908 1104 998 1180 Haee
1011 1127 1123 1200 porro
1143 1108 1211 1204 dig

85 1215 87 1226 '
115 1200 182 1274 'ste
198 1202 267 1274 sint
280 1193 602 1304 illustrandi‘gra'tia
624 1203 798 1299 propositi
813 1204 910 1294 loci;
933 1206 1118 1299 jamvero
1137 1227 1193 1281 re·
1223 1211 1225 1216 ’

87 1361 91 1368 .
131 1301 296 1374 conditas
310 1302 347 1372 in
362 1321 408 1373 eo
424 1323 479 1377 res
495 1326 568 1398 pro·
579 1302 957 1400 virili'investigemus.
999 1304 1038 1378 ln
1051 1305 1105 1379 his
1118 1307 1193 1399 qui·

88 1459 92 1488 ,
130 1401 210 1484 dem
226 1420 298 1497 per·
307 1395 422 1476 Eliar'n
433 1412 509 1477 non
526 1408 609 1479 mihi
627 1399 773 1477 uidetur
785 1407 899 1477 anima
912 1401 1119 1500 significari,
1144 1425 1197 1480 ne·
1229 1427 1232 1434 ·

86 1541 91 1560 ι
129 1500 227 1596 forte
247 1501 285 1572 in
305 1501 453 1575 alienam
468 1507 512 1578 ab
528 1505 675 1594 eeclesia
692 1504 762 1578 Dei
780 1505 826 1577 de
842 1506 1055 1599 migratione
1071 1528 1093 1577 e
1112 1526 1193 1578 cor·
1217 1512 1226 1530 ·

87 1609 90 1638 ³
130 1619 220 1698 pore
238 1604 276 1696 iu
291 1620 425 1696 corpus
441 1605 669 1696 sentehtiam,
693 1624 812 1697 neque
833 1605 877 1678 ab
892 1602 1064 1696 apostolis
1084 1606 1196 1677 tradi.

88 1703 92 1790 i
132 1714 227 1786 tam,
255 1711 372 1794 neque
392 1705 529 1799 uspiam
553 1706 590 1779 in
614 1703 998 1801 seripturisprolutam
1018 1703 1192 1786 incidam:
1273 1743 1277 1751 ·

88 1793 94 1848 ¹
131 1797 329 1874 huic'enim
347 1800 571 1888 adversatur,
590 1806 696 1898 fiqt'iod
715 1803 882 1898 scripture
898 1801 970 1895 est,
998 1801 1131 1876 caduca
1150 1826 1193 1904 ea
1285 1860 1288 1865 ·

89 1919 93 2000 j
133 1898 218 1991 esse,
247 1916 325 1992 quae
349 1902 542 1997 videntur,
576 1902 917 1977 &consummatum
949 1904 992 1977 iri
1024 1902 1191 1981 seculum
1254 1915 1258 1923 '

134 2000 269 2087 hoce'e3
304 2002 389 2092 quin
415 2003 450 2077 bt
476 2023 604 2097 eorum
622 2001 845 2100 petabioni‘:
884 2004 1003 2075 culum
1027 2003 1068 2079 U
1100 2021 1192 2077 rem
1262 2067 1266 2077 ,

94 2079 100 2108 '
139 2101 337 2200 tranfibunt,
363 2103 423 2179 &t
449 2111 593 2201 preterit
616 2108 698 2174 enim
711 2105 821 2196 'figura
844 2104 940 2197 hujus
965 2107 1101 2187 mundi,
1127 2103 1195 2177 &r

138 2203 209 2271 Coeli
221 2191 395 2297 peribunt,
422 2226 502 2279 cunr
521 2206 585 2290 iis,
612 2202 931 2296 quae'sequuntur„
961 2201 1056 2277 Nam
1076 2203 1121 2294 fi,
1147 2215 1191 2278 ut

134 2298 165 2371 id
174 2321 373 2414 ponamus,
399 2305 435 2377 in
450 2327 495 2380 eo
513 2324 631 2380 rerum
644 2302 756 2395 statu,
783 2301 843 2393 qui
860 2305 904 2391 ab
919 2302 1031 2382 initio¹
1042 2303 1085 2376 ad
1102 2323 1191 2377 con·

134 2402 398 2476 summationem
421 2425 534 2496 usque
552 2405 673 2478 mundi
701 2402 903 2485 obtinebit,
930 2404 1054 2476 eadem
1076 2404 1192 2476 anima

134 2500 184 2573 bia
202 2521 335 2593 corpus
356 2502 471 2578 subire
492 2502 633 2597 potest,
665 2508 896 2600 ecquamr'ram
912 2505 961 2577 ob
982 2500 1118 2577 causam
1137 2502 1190 2575 su·
1216 2539 1226 2559 ·

135 2600 222 2673 bibit
241 2601 364 2677 illud?
401 2603 436 2676 Si
452 2601 612 2700 'propter'
631 2613 820 2697 peceatum
836 2604 889 2676 bis
913 2622 1047 2695 corpus
1069 2602 1187 2695 subit,

135 2721 192 2771 cur
206 2711 283 2773 non
295 2713 371 2795 ter,
398 2702 563 2797 &sapius
580 2698 730 2794 subibit,
758 2724 838 2777 cum
857 2723 922 2794 per
938 2703 1188 2798 migrationem

132 2798 356 2877 solummodo
379 2826 398 2876 e
414 2824 571 2897 corpore
590 2805 627 2885 in
646 2824 778 2895 corpus
790 2840 809 2891 ,·
829 2823 897 2873 nec
916 2803 981 2873 alia
997 2801 1121 2893 quavis
1135 2821 1189 2873 ra·
1286 2879 1289 2886 f

131 2902 229 2974 tione
252 2901 330 2996 uita
350 2902 444 2992 haec,
471 2905 508 2976 in
529 2923 642 2994 eaque
664 2900 804 2975 admissa
823 2901 953 2995 flagitia
968 2897 1189 2994 puniantur?

132 3000 240 3095 Quod
260 2999 292 3083 si
312 3015 364 3074 ex
384 3001 691 3093 consequentibus·
712 3000 820 3077 suerit
845 2998 1072 3091 concessum,
1099 3019 1188 3072 nun·

131 3121 232 3192 quam
255 3122 332 3174 non
355 3101 631 3177 fortasseanima
653 3120 848 3201 elcorpore
863 3100 900 3171 in
918 3120 1051 3193 corpus
1076 3112 1189 3171 trans·

131 3197 314 3297 migrabit,
341 3200 476 3297 semper
492 3203 585 3276 eriim
600 3205 752 3295 propter
764 3200 885 3293 priora
900 3201 1091 3272 criminuiin
1107 3216 1191 3269 cor·¹
1302 3227 1309 3244 ·

130 3321 225 3398 pore.
234 3300 452 3394 versabitur,
479 3318 586 3393 atque
604 3301 791 3397 italocum
814 3320 890 3372 non
910 3300 1056 3372 habebit
1069 3299 1190 3372 motio.

104 3417 107 3422 ·
130 3401 186 3475 iila
205 3401 444 3498 mundi„qua
461 3406 578 3475 Colum
594 3401 633 3477 (5
655 3418 744 3474 terra
759 3400 948 3493 rranfibunr.
997 3398 1051 3474 Ut
1066 3413 1187 3480 autem

132 3499 371 3592 concedatur,
394 3504 496 3596 juxta
515 3504 607 3578 hauc
628 3499 871 3596 p'osrtionem,
898 3520 1004 3590 eum,
1031 3499 1090 3589 qui
1109 3497 1188 3569 nul·
1243 3549 1256 3574 .

129 3602 353 3696 liuepeccati
372 3623 452 3699 reus
469 3604 555 3692 erit',
581 3621 656 3675 non
675 3601 822 3693 amplius
838 3620 901 3694 per
916 3610 1039 3693 ,ortum
1049 3597 1087 3669 in
1106 3617 1185 3669 cor·

132 3721 195 3793 pus
215 3704 412 3795 rediturum
429 3728 441 3791 ς
477 3725 519 3776 an
540 3714 625 3775 toto
642 3716 846 3794 temporum
866 3696 1015 3771 decursu
1037 3693 1186 3791 reperiri

132 3800 228 3893 posse
240 3800 414 3877 existimas
426 3796 574 3876 animam
592 3803 710 3875 omnis
725 3797 847 3893 puram
862 3797 972 3889 labis,
997 3818 1066 3870 nec
1081 3797 1188 3868 uiliua

130 3901 166 3974 in
185 3903 281 3976 asiud
301 3917 435 4000 corpur
457 3899 676 3997 migrationis
694 3897 895 3997 egentem?
926 3899 1188 3971 Verumtamen

134 3999 227 4080 &irc
248 4005 366 4104 aliqua
382 3989 526 4100 semper
551 4022 603 4108 eu¹
614 3995 798 4180 pssefinito
821 3998 1025 4080 animarum
1038 4013 1202 4073 numeru

477 4125 797 4207 ··3·
919 4109 1269 4181 seruo.
