2800 4567
247 191 713 338 tri-urrunnun
742 253 863 341 ron
887 257 1005 342 xtn.
1107 264 1161 342 ⁶1-

142 441 297 520 reguum
315 423 383 497 Dei
400 424 450 495 iiii
469 444 584 519 puero
602 423 710 498 simile
730 421 896 500 effetium
911 403 1070 520 recipiat.
1103 424 1154 502 Et

158 521 312 620 regnum
330 524 398 596 Dei
414 525 690 617 interemptum,
713 526 801 597 iilud
819 523 965 616 fortaffe
980 547 1096 618 puero
1113 528 1153 604 ti.

141 647 167 698 e
182 624 383 716 recipiunt,
411 628 447 695 in
466 623 592 697 futuro
609 640 726 698 autem
748 623 877 698 seculo
897 645 974 698 non
989 627 1060 719 jam
1080 648 1153 703 am·

141 745 176 798 ut
192 741 310 816 puero
329 723 459 813 simile3
488 726 523 798 ἀ
539 725 816 820 magnitudinem
832 722 1060 817 affequuntur
1072 745 1154 820 per.

141 825 281 913 iionit,
308 824 484 906 incutite,
510 839 551 895 ut
567 826 615 895 ita
633 825 766 911 dicam,
794 823 962 922 spirituali
980 824 1051 900 sese
1070 847 1155 900 exe·

141 927 195 996 uit
213 924 247 995 ὰ
262 921 473 995 ostentantis
487 926 523 994 in
539 926 581 997 iis
594 926 781 1017 omuibus,
807 927 866 1017 qui
882 925 917 997 in
934 925 1007 999 hoc
1021 924 1157 1002 seculo·

141 1035 301 1116 eperunt
314 1043 460 1119 regnum
476 1023 566 1114 Dei,
592 1025 690 1116 quod
709 1026 766 1097 hic
781 1043 897 1116 puero
911 1023 1021 1098 srmile
1036 1023 1106 1110 est„
1145 1063 1158 1096 .·
1185 1097 1188 1104 .

159 1143 217 1198 20.
250 1126 306 1194 Vae
320 1127 434 1192 mundo
449 1150 468 1193 a
476 1124 647 1209 scandalis.
673 1122 845 1197 Pr³vatim
861 1122 1066 1220 &separate
1082 1145 1151 1199 vo·
1179 1161 1181 1166 ·

141 1223 252 1295 ntum
270 1222 388 1296 hocce
404 1226 551 1294 Mundus
564 1222 768 1317 usurpatum
780 1223 847 1296 esta
876 1228 916 1295 ln
934 1228 1048 1295 mundo
1059 1240 1154 1306 erat,

141 1325 289 1392 nanim·
302 1346 371 1391 eum
387 1347 453 1395 noi
473 1335 646 1415 cognoveri
682 1336 719 1395 at
735 1321 839 1414 juxta
857 1325 1154 1400 convenientiam·

141 1443 167 1496 m
182 1422 374 1514 aliquare,
392 1423 707 1497 &connexionem
723 1441 805 1495 cum
815 1441 883 1516 eo,
897 1422 1055 1516 ad-quod
1069 1441 1155 1517 pen·
1199 1498 1216 1515 ‚

141 1535 196 1611 et,
223 1522 448 1595 enuntiatum
468 1523 519 1596 est
534 1525 732 1599 hocloco:
758 1522 1154 1615 Neforteeieaatisoat·

141 1623 177 1692 ad
191 1623 328 1706 ceiam,
353 1624 461 1694 uideas
480 1625 571 1709 [olm
587 1623 626 1700 (ὅ
636 1627 776 1709 Ἲκηαηι,
802 1620 841 1718 di
862 1639 1150 1696 amnemamnem
1262 1643 1265 1650 ’

141 1719 257 1818 uuor)
279 1723 371 1807 coeli,
396 1724 435 1796 (5
456 1748 560 1794 errore
581 1727 721 1820 inaptus
742 1725 847 1794 otiores
869 1746 926 1810 ta,
952 1722 991 1799 &
1006 1726 1087 1794 roias
1101 1748 1149 1798 ea.

141 1821 202 1894 tile
220 1821 258 1893 in
275 1820 368 1894 libro
386 1819 513 1896 Esther
526 1821 655 1898 dicium
669 1820 740 1897 effe
754 1821 800 1897 do
813 1823 878 1895 ilio
889 1822 1048 1915 inquies,
1067 1843 1150 1898 cum

141 1923 251 2015 iptum
269 1919 320 1993 est
338 1943 348 1995 t
377 1926 457 1992 Cum
477 1922 655 2018 deposuisset
669 1945 789 1993 omnem
803 1939 951 1993 ornatum
972 1919 1147 2021 (κοσμον)

141 2043 178 2092 n.
207 2018 311 2094 Non
330 2022 424 2097 eninr
436 2022 530 2097 idem
544 2021 595 2096 est
606 2045 737 2113 κοσμος
752 2020 904 2096 mundus
920 2021 1158 2117 simpliciter,¹

141 2141 266 2214 ωσμος
288 2136 435 2194 ornatus
461 2123 567 2216 coeli,
603 2124 662 2196 vel
680 2147 810 2213 κοσμος
827 2132 978 2194 ornatus
998 2118 1147 2213 Esther3

141 2219 179 2294 >d
203 2235 324 2293 nutem
347 2221 501 2294 nuncin
525 2221 720 2314 questione
739 2218 928 2299 versatur,
966 2220 1060 2294 aliud
1085 2220 1147 2297 est.

141 2319 257 2394 ntimo
275 2319 383 2417 igitur
400 2321 597 2414 mundum,
621 2323 725 2415 juxta
741 2320 899 2393 divinam
916 2311 1148 2414 scripturam,

141 2438 386 2516 tcompagern
405 2421 500 2494 iliam
515 2419 606 2514 effe,
632 2443 710 2514 que
723 2422 817 2494 coelo
830 2419 972 2494 &terra
991 2417 1154 2515 constat,.

141 2521 278 2606 iocum
290 2521 387 2593 hunc
401 2522 669 2612 tantummodo,
682 2524 741 2612 qui
758 2537 888 2593 terrant
898 2519 1022 2613 ambit,
1037 2532 1148 2611 atquo

141 2619 331 2712 nquidem‚
346 2642 421 2693 non
436 2622 494 2711 qui
508 2619 708 2694 uniuersam
723 2635 853 2692 terram
869 2620 1005 2693 ambire
1018 2619 1150 2694 intelli·

141 2737 194 2812 tr,
222 2717 374 2792 sedeam
388 2717 517 2812 solum,
539 2741 646 2811 quaea
661 2720 767 2793 nobis
781 2719 971 2793 incolitur:
996 2719 1149 2793 inmun·

146 2820 245 2894 euim
259 2835 337 2891 erat
352 2821 412 2890 lux
428 2840 535 2908 vera,
562 2822 598 2891 in
615 2840 662 2892 eo
680 2820 852 2892 videlicet
865 2820 975 2910 ioco,
996 2818 1057 2910 qui
1077 2834 1149 2891 ter·

141 2917 327 2994 rnostrarn
348 2922 482 3020 ambire
497 2919 709 3016 intelligitur
725 2942 737 3007 3
775 2920 822 2990 Et
837 2920 974 2987 mundus
992 2942 1059 2986 eum
1081 2941 1149 2991 mn

141 3025 242 3106 uuir,
269 3020 434 3092 homines
456 3038 587 3111 nempe
599 3020 658 3112 qui
679 3015 774 3091 eirea
788 3032 920 3090 terram
933 3011 1148 3113 versantur,

155 3120 268 3192 etiam
284 3116 429 3192 fortrffe
446 3119 603 3210 propriu
617 3118 651 3190 ἀ
665 3115 854 3190 familiares
872 3119 960 3189 loco
981 3117 1065 3192 huic
1083 3138 1156 3211 po·.

141 3231 247 3292 uteo:
274 3216 459 3293 absurdum
476 3218 572 3292 enim
597 3215 649 3291 est
664 3218 785 3290 dicere
802 3236 1011 3312 compagem
1030 3218 1152 3314 illam,

141 3337 215 3392 tex
227 3317 337 3407 coelo,
356 3317 512 3409 octena,
530 3316 566 3390 ut
578 3318 706 3408 quein
720 3313 876 3406 eitiunt,
893 3331 1067 3390 concreta
1084 3315 1150 3411 est,

141 3413 288 3504 nificari3
315 3416 406 3489 adeo
417 3434 458 3489 ut
470 3415 604 3508 solem,
631 3417 823 3507 inlunem,
851 3413 1047 3489 &siderum
1062 3417 1155 3498 cho.

141 3539 179 3608 u,
207 3516 243 3588 &
263 3536 390 3588 omnes
410 3519 469 3604 qui
486 3520 523 3588 in
537 3515 708 3589 universo
726 3514 862 3589 mundo
882 3510 961 3588 sunt
982 3516 1152 3611 angelos,

141 3637 204 3689 um
215 3617 333 3688 lucem
347 3635 423 3686 non
440 3615 642 3710 agnovisse,
668 3616 703 3687 δι
715 3618 810 3689 illam
825 3627 944 3686 tanen
957 3634 1031 3688 non
1043 3635 1155 3712 agno.

141 3729 245 3806 ntes,
273 3715 436 3787 ordinem
452 3716 513 3787 sini
524 3739 544 3787 a
556 3714 641 3789 Deo
656 3714 889 3808 prestitutum
905 3710 1053 3787 servaffe
1065 3735 1154 3788 con·

141 3815 282 3890 namus.
337 3815 436 3912 Quin
459 3817 566 3888 etiam
588 3837 670 3888 cunr
692 3816 729 3888 in
756 3815 926 3886 oratione
948 3812 991 3887 ad
1012 3813 1155 3889 Patrem

141 3931 260 4000 tumor
276 3914 391 3994 dieitt
418 3916 467 3994 Et
488 3937 585 3996 nunc·
597 3920 735 4016 aurifice
755 3937 803 3990 m
823 3916 922 3994 Pater
937 3916 1154 4121 originum

213 4051 216 4056 .
1034 4036 1114 4103 m
