2800 4567
304 357 371 440 tm
397 349 771 465 memnoni
802 347 1090 452 tam‘xvn.
1145 371 1216 452 ap

150 526 236 628 ficut
252 547 315 614 me,
334 498 499 616 sufflabit
517 522 779 608 valleliominm
800 525 886 592 Deus
900 520 1019 618 apter:
1045 521 1142 619 ipsum
1159 543 1222 594 aet·

160 630 228 716 dite
253 631 289 696 in
313 621 469 712 amitibus,
499 646 568 720 qua
592 622 738 718 loquetur
756 623 908 718 propbeta
929 617 1000 706 ila
1033 629 1090 717 qai
1115 631 1222 693 citatem¹

158 721 341 823 prophetali
356 725 443 794 lianc
458 746 524 793 nen
538 721 691 812 audierit,
708 720 983 796 exterminabitur.
1008 722 1221 816 Quanquam
1266 740 1269 746 ·

160 845 238 900 non
254 823 355 897 ineo
374 822 436 896 lita
453 836 529 895 erat
543 820 647 914 ipstua
662 820 895 912 excellentia,
923 821 1019 914 quod
1037 819 1123 893 ellat
1137 839 1222 914 pto·

162 925 296 1017 pheta,
321 921 381 996 sed
401 921 499 1012 quod
519 919 630 995 Filius
654 917 741 993 ellet
757 918 848 1013 Dei,
868 925 1095 1017 primogenitus
1118 925 1222 991 omnis

162 1040 289 1094 creatur
326 1073 337 1110 ,
370 1022 410 1098 ὅ
429 1027 524 1114 imago
546 1023 612 1092 lta·
632 1018 824 1113 invisibilis,
860 1026 897 1091 e'n
916 1045 977 1118 quo
997 1023 1224 1108 condite-sent

162 1127 285 1194 univer
340 1125 378 1194 itt
398 1124 468 1191 celo
485 1122 524 1196 U
545 1125 583 1200 ‚itt
596 1135 703 1206 tarra,
721 1118 792 1215 five
805 1119 1022 1215 offibilia,five
1037 1119 1223 1211 invfibiiia,
1237 1139 1242 1146 ··

164 1220 200 1294 ἂ
215 1236 303 1293 cete
323 1242 361 1294 a:
387 1221 420 1294 δι
444 1222 481 1292 in
504 1239 550 1292 eo
574 1219 753 1312 precipue
771 1217 1026 1312 continebatur
1042 1219 1146 1312 ipllut
1164 1240 1225 1293 ex·

165 1322 300 1394 cellent
314 1340 352 1412 a,
378 1320 476 1412 quod
496 1317 677 1411 Sapientia
704 1315 789 1390 ellet
811 1317 951 1416 dicens:
984 1323 1070 1400 Daue
1095 1316 1225 1415 palledit

165 1443 215 1491 me
234 1425 367 1490 init'um
385 1425 513 1490 viarum
526 1421 658 1508 suarum
677 1420 714 1486 e'n
734 1437 822 1513 opera
836 1419 918 1506 sua,
940 1435 1110 1516 antequam
1134 1419 1226 1518 quid·

166 1543 261 1618 quem
278 1439 419 1611 laceret,
444 1520 484 1596 δ
504 1535 581 1589 ante
598 1517 744 1607 saeuiunt
760 1516 924 1607 feodavit
942 1543 989 1588 ma
1008 1525 1044 1588 in
1059 1522 1226 1615 principio,

163 1635 246 1692 ante
266 1644 336 1692 ucat
351 1618 618 1712 terramjaceren
646 1617 681 1688 δι
691 1616 838 1705 reliqua.
889 1616 994 1692 Hanc
1010 1637 1123 1710 porro
1139 1615 1227 1692 mul·

164 1645 355 1794 titugine'm
367 1720 419 1790 ita
433 1719 480 1791 de
499 1738 544 1791 eo
563 1715 793 1807 sentientem,
819 1716 861 1789 a·
878 1737 946 1808 pro
971 1737 1018 1790 eo
1042 1718 1228 1791 decertare

169 1833 327 1915 paratam
354 1816 520 1890 adversus
545 1815 660 1908 ipsius·
676 1813 815 1901 hostes,
850 1817 979 1890 timent
1004 1815 1228 1894 sacerdotum

166 1916 372 2010 Principes,
405 1913 638 2005 &Pharisaei,
669 1915 887 2005 &quamvis
910 1914 1046 1988 insidiae
1073 1914 1228 2001 struant,

165 2019 340 2090 volentes
359 2017 419 2112 ipit
437 2036 561 2090 manua
579 2015 748 2105 injicere,
775 2014 1085 2107 comprehendere
1104 2029 1229 2093 ¹tamen

167 2119 392 2207 nequaquam
410 2113 565 2207 polluat.
614 2111 781 2187 Hicsane
796 2110 1041 2206 scriptumest:
1067 2119 1231 2209 Quoniam

157 2217 244 2316 fleat
261 2218 442 2311 proplietam
463 2239 533 2286 eum
553 2213 729 2298 haldana
750 2212 837 2284 illud
852 2233 943 2284 veto
961 2215 1108 2306 amplius
1125 2216 1231 2289 adde-

168 2336 211 2387 re
232 2310 367 2406 queat,
398 2316 559 2405 quamvis
582 2315 684 2406 iuxta
708 2309 888 2404 scripture
914 2328 1127 2388 contextum
1154 2330 1231 2388 tan·

162 2435 279 2507 ¹quam
305 2415 518 2507 prophetam
545 2434 634 2486 eum·
651 2414 762 2484 turba
783 2431 859 2484 non
884 2411 1057 2504 habeant,
1086 2435 1232 2505 quoque

169 2534 255 2587 eum
272 2516 359 2586 loco
374 2514 518 2586 tandem
535 2513 711 2602 habeant,
738 2514 846 2606 longe
860 2509 951 2584 infra
967 2511 1070 2605 ipfius
1086 2515 1233 2611 dignita·

163 2627 249 2687 tem
272 2612 382 2686 deco
402 2609 551 2701 sentite,
575 2632 622 2684 ne
648 2611 820 2683 tantillam
846 2610 988 2700 quidem
1014 2614 1234 2708 cognitionis

170 2730 302 2805 corum
318 2725 454 2805 partem
470 2708 710 2800 assequentes,
737 2709 796 2798 qui
813 2730 892 2781 eum
909 2731 954 2782 ex
968 2726 1070 2803 parte
1083 2710 1236 2810 cognos-

168 2827 289 2903 ¹attint,
321 2831 438 2901 neque
471 2810 516 2882 de
542 2829 588 2881 eo
620 2808 808 2900 quicquam
834 2824 957 2899 aperte
981 2811 1233 2907 intelligentem
1320 2897 1323 2902 ,

151 2911 263 2988 eloe
277 2925 394 2984 autem
411 2908 455 2981 de
469 2909 511 2980 iia
525 2907 628 3000 dico,
654 2909 714 2998 qui
731 2926 817 2978 veta
833 2905 877 2978 de
892 2926 938 2979 eo
953 2905 1118 2984 sentiunt.
1144 2909 1236 2986 Nota

167 3024 297 3088 ¹antem
314 3009 351 3082 hi
366 3029 434 3101 pto
452 3029 500 3080 eo
517 3005 606 3080 stare
623 3005 843 3080 existimandi
858 3004 957 3097 sunt,
971 3009 1040 3099 -qui
1060 3008 1142 3086 Deo
1158 3011 1236 3106 glo·

173 3113 262 3182 tiam
280 3107 699 3181 achonorem'oxhibere
714 3102 748 3178 se
762 3105 971 3197 credentes,
997 3106 1081 3181 falsa
1099 3108 1145 3182 de
1156 3106 1234 3202 ipso

170 3210 240 3291 fibi
255 3205 412 3302 fingunt3
440 3205 637 3297 cuiusmodi
654 3203 764 3294 lunt,
787 3207 845 3296 qui
868 3203 980 3277 Patria
1004 3227 1045 3304 ac
1068 3207 1147 3281 Filii
1169 3228 1238 3283 no·

177 3311 318 3382 tionem
338 3307 586 3394 confundunt,
604 3300 653 3382 ‚&'
665 3323 773 3376 unam
797 3302 905 3376 Patria
924 3324 965 3377 ac
979 3303 1238 3400 Filiihyposta'·

177 3410 230 3485 stn
253 3404 322 3480 elle
344 3406 523 3496 stamtont,
550 3403 625 3476 sola
642 3401 864 3498 cogitatione
887 3401 1138 3480 &nominibus
1153 3405 1237 3482 solia

180 3528 288 3580 onam
305 3505 534 3595 eamdemque
547 3523 621 3577 rem
638 3503 861 3590 dividentes;
888 3522 1005 3593 neque
1019 3502 1098 3580 stne
1114 3527 1181 3600 pto
1199 3508 1239 3581 it-

181 3609 222 3681 io
236 3604 328 3694 stant
340 3604 520 3692 haretici,
540 3604 600 3692 qui
615 3607 740 3696 magna
757 3601 802 3674 de
815 3600 890 3695 ipso
906 3602 1035 3676 sentire
1051 3605 1239 3681 credente·
1306 3673 1310 3686 .

175 3705 407 3796 iniquitatem
433 3706 470 3776 in
491 3702 636 3776 sublime
658 3703 878 3794 loquuntur,
892 3700 939 3804 ,ἃ
960 3699 1150 3778 Conditori
1173 3708 1243 3788 ol»

184 3803 360 3891 tretlant3
387 3823 466 3876 cum
482 3821 530 3875 eo
545 3803 676 3894 quippe
691 3819 767 3872 non
782 3795 882 3894 sunt,
907 3799 1092 3878 &idcirco
1112 3803 1241 3884 advet-

179 3903 240 3982 sus
259 3925 339 3995 oum
356 3900 454 3986 sunt:
483 3905 557 3993 ,Qui
574 3907 676 3986 enim,
691 3900 838 3992 inquit,
863 3924 929 3974 mn
950 3901 990 3999 ιβ
1013 3927 1143 3991 mecum,
1166 3929 1241 3982 eoae,

185 4021 240 4096 tea
256 4029 303 4077 me
321 4001 373 4106 eli.
421 4001 588 4082 Similiter
602 4015 736 4178 autfim,
762 4001 976 4092 quamcito]
991 4003 1146 4080 nomine·
1161 4003 1252 4096 ,Ketia

700 4119 771 4195 cs
921 4170 926 4178 ,
1128 4115 1223 4170 eom-
