2800 4567
261 295 347 409 ¹'ru
370 325 743 407 Marrnmum
776 321 900 406 ron.-
922 319 1056 407 xun-
1120 333 1188 413 em

136 475 1193 590 mmmmmfflmmss

137 594 315 691 affligentes
329 620 379 666 cor
393 593 510 664 meum?
537 617 584 688 ego
609 597 692 662 enim
716 615 780 660 non
799 594 899 680 seium
923 596 1064 686 alligari,
1084 595 1194 688 sedi?

134 704 217 769 mori
232 703 269 765 irc
289 687 463 790 Jer'usasem
475 712 612 791 paratus
624 692 697 782 sum
712 709 839 786 propter
859 716 969 763 nomm
987 698 1120 764 Dmnini
1133 699 1193 766 mei
1326 709 1329 730 ¹

140 798 231 895 Jesu.
282 795 348 868 His
363 796 482 867 animo
503 793 704 885 perceptis,
731 789 1014 883 impendentibus
1029 814 1192 868 nonnun-
1279 801 1283 817 '

138 917 242 988 quam
262 894 463 967 ael'umnosls
481 893 752 976 tentationibus,
775 908 884 983 prout
897 895 1029 965 rationi
1048 892 1194 967 consens

139 1011 284 1068 taneum
299 996 367 1066 erit
375 1045 396 1086 ,.
412 993 559 1066 sortiter
575 988 799 1077 obsistamus3
826 994 1006 1086 exemplar
1020 993 1125 1065 nobis
1137 1011 1195 1066 ret·

137 1115 216 1168 rum
237 1093 419 1186 ejusmodi·
431 1091 686 1183 Sospitatorem
701 1092 818 1182 primo
834 1091 868 1162 δι
887 1095 1078 1185 precipue,
1091 1092 1194 1185 ipsruc
1305 1123 1310 1134 ·

139 1213 232 1268 vero
259 1193 388 1265 deinde
414 1190 630 1284 Apostolum
658 1205 917 1283 proponentes.
969 1189 1020 1263 At
1045 1213 1114 1264 nec
1136 1213 1194 1284 ·ea;

138 1315 207 1368 nec
223 1313 300 1383 quae
316 1292 475 1384 superius
493 1291 727 1386 protulimus,
754 1291 932 1364 contraria
947 1292 1014 1364 illis
1033 1290 1103 1364 effe
1124 1293 1197 1366 exi.

141 1392 276 1467 stimet:
308 1395 349 1463 Si
372 1394 596 1487 persequentur
619 1415 676 1460 var
700 1415 739 1460 ex
765 1395 898 1460 civitate
924 1393 1001 1486 ifle,
1027 1392 1134 1487 sugite
1159 1398 1197 1464 in

139 1495 255 1579 eiiam,
281 1491 495 1582 &reliquiaq
518 1511 636 1584 neque
649 1486 796 1564 recessui
814 1489 920 1586 Jesu‚
945 1488 1128 1583 postquam
1137 1493 1211 1589 Jo:
1247 1521 1249 1526 ·

141 1611 270 1666 annem
290 1593 528 1664 incarcerem'
545 1587 943 1685 compedium'accepit:
967 1591 1014 1664 iic
1028 1593 1120 1666 enim
1134 1592 1200 1666 stas

139 1692 294 1781 tuimur,
319 1704 437 1780 neque
451 1688 587 1785 semper
603 1688 796 1762 devitanda
813 1687 882 1762 eise
896 1691 1067 1786 pericula,
1079 1712 1202 1783 neque

138 1790 276 1883 semper
295 1790 336 1861 iis
356 1788 426 1864 effe
446 1789 741 1875 occurrendum¹
754 1804 793 1860 at-
808 1789 985 1880 prudente
1005 1790 1041 1863 in
1057 1790 1199 1865 Christo

139 1892 225 1962 viro
243 1909 336 1980 opur
355 1887 427 1980 est3
458 1902 500 1960 ut
525 1907 681 1980 quonam
707 1903 873 1982 tempore
899 1890 1201 1965 retrocedendum
1309 1885 1314 1894 '

140 1990 196 2080 sit,
214 1991 448 2080 exploretur3
473 2004 550 2062 tum
568 1989 689 2080 &quo
708 2001 875 2079 tempore
891 2002 1063 2083 prompto
1081 1992 1200 2063 animo

133 2088 360 2162 subeundum
384 2087 427 2160 sit
447 2101 630 2162 certamen
653 2089 786 2177 absque
810 2089 886 2160 ullo
909 2087 1066 2180 recessu,
1092 2092 1202 2186 longe

139 2208 234 2261 vero
252 2188 360 2282 magia
375 2188 509 2277 absque
523 2185 617 2282 iuga.
668 2181 791 2277 Atque
809 2186 885 2258 haec
901 2188 1041 2277 quidem
1054 2189 1201 2282 praesen·

139 2289 186 2359 tis
213 2287 286 2358 loci
311 2283 559 2380 significationi
585 2283 970 2378 consonantiarum,
1005 2288 1049 2360 ad
1073 2289 1201 2364 mortio

135 2387 451 2482 periculorumque
467 2386 695 2458 excitandum
713 2398 973 2479 contemptum·
1064 2453 1067 2462 .
1111 2413 1113 2418 ·
1154 2415 1196 2456 a

220 2506 253 2560 α.
278 2485 459 2578 Deinceps
475 2481 736 2558 observandum
754 2487 887 2576 venit,¹
904 2485 1023 2578 quod,
1037 2506 1127 2574 cum
1147 2485 1203 2580 Je-

138 2583 359 2676 rosolymam
371 2581 677 2672 ascensurus-esset
690 2583 811 2678 Jesue,
827 2586 887 2658 ubi
904 2586 1093 2660 duodecim
1109 2583 1204 2660 seon·-

138 2684 214 2761 sum
233 2681 419 2776 assumpsit,
428 2705 518 2757 unus
536 2706 557 2756 e
573 2681 764 2756 duodecim
781 2685 971 2758 etiamnum
990 2699 1066 2763 erat
1080 2686 1203 2780 Judaq

141 2805 186 2857 ac
199 2781 355 2872 seorsum
369 2783 493 2875 Judam
509 2781 699 2873 assumpsit:
726 2783 868 2877 dignum
883 2786 977 2860 enim
992 2786 1107 2857 adbuc
1122 2805 1204 2859 eum

139 2881 245 2958 fuisse
261 2882 431 2954 credibile
448 2882 517 2974 est,
545 2884 604 2972 qui
620 2877 772 2954 seorsum
790 2902 869 2954 cum
885 2882 1205 2973 reliquisundecim

142 2979 396 3074 assumeretur,
423 2982 457 3052 u
475 3002 582 3074 quum
599 2980 636 3052 in
651 2981 712 3052 via
729 2980 819 3052 dixit
833 2981 900 3052 eis:
921 2983 1206 3072 *Ecceascmdimrrs

150 3081 399 3179 Jerololpmam,
425 3081 458 3152 δι
482 3100 560 3171 que
581 3077 737 3154 subnexa
761 3077 861 3172 sunt,
887 3081 1125 3174 huncprocui
1143 3081 1205 3156 dui

143 3184 212 3255 bio
227 3200 337 3253 unum
351 3202 396 3253 ex
410 3181 452 3252 iis
471 3178 539 3253 eise
551 3178 693 3271 statuit,
721 3180 780 3270 qui
797 3181 1018 3254 toleranda-a
1031 3178 1205 3277 Magistro

142 3279 210 3355 suo
229 3281 486 3353 maiaaudiret:
512 3297 591 3352 non
602 3299 684 3351 eum
697 3299 718 3360 a
732 3275 767 3352 se
782 3282 959 3373 repellens
974 3281 1206 3375 acrejiciem,

137 3380 248 3472 rquod
269 3400 399 3471 nempe
420 3400 477 3451 rea
497 3376 756 3474 ase-agendas,
784 3381 1079 3470 quemadmodum
1100 3401 1208 3456 unua·
1272 3395 1274 3399 ’

146 3477 489 3571 quicquenostr'um,
514 3479 699 3574 ignoraret
714 3476 839 3572 Judas:
864 3481 971 3554 nobie
985 3482 1209 3574 quippeom·

145 3581 254 3654 nibus
279 3577 407 3652 dicium
429 3577 743 3671 estimegunere
767 3583 805 3647 ia
831 3573 1015 3676 crastinum,
1033 3585 1207 3674 ignoranti

148 3681 223 3776 quid
237 3677 470 3772 superventura
491 3681 613 3772 pariat·
626 3680 712 3764 δίης
736 3673 898 3752 nondum
913 3691 1044 3760 autem,
1062 3683 1209 3772 opinor,

148 3779 185 3852 in
208 3797 275 3849 cor
298 3777 396 3871 Judae
417 3775 571 3852 Simonis
589 3775 766 3850 iscariote
785 3778 961 3869 prodendi
979 3778 1061 3875 Jesu
1077 3781 1209 3852 volum

147 3892 259 3951 tatem
274 3873 466 3949 immiserat
485 3876 660 3952 diabolus.
709 3873 759 3949 Et
780 3877 954 3968 quoniam.
970 3881 1076 3952 nobis
1100 3877 1209 3970 expli·

150 3978 304 4054 candum
328 3975 504 4084 incumbit
523 3977 561 4058 in
577 3974 762 4152 pressentia
778 3977 1002 4076 evangelium
1019 3977 1212 4149 saffiro

228 4101 233 4110 .
691 4097 712 4174 5
1123 4095 1147 4147 a
1167 4112 1181 4128 ,
