2800 4567
255 381 259 392 -
290 262 355 408 tlt
378 329 753 432 MAT'HIAEiUM
772 321 907 408 ''l‘om
936 328 1054 411 XIV.
1098 267 1101 273 ⁸
1132 351 1211 429 117·

134 489 184 568 nd
205 509 333 568 eorum
347 494 673 586 recordationem,
701 515 855 586 quorum
877 490 1071 567 meminisse
1091 494 1201 568 volu·

132 611 238 685 teus,
267 613 336 666 nos
354 594 557 687 deducunt,
583 615 850 689 percurramus,
876 594 971 667 idem
990 594 1077 667 facit
1093 592 1196 669 Deus

133 711 219 766 cum
237 694 345 765 nobis
363 694 399 766 in
420 699 627 770 memoriam
649 715 828 768 revocare
844 695 949 786 vult,
977 714 1055 785 quae
1076 695 1113 766 in
1129 695 1198 768 hac

130 795 212 880 vin
249 793 405 885 cifimus,
431 809 472 865 ut
489 815 635 888 eorum,
655 816 767 888 quea
783 791 1087 885 notmanniam,
1110 814 1198 866 con·

130 881 224 984 felir*
243 910 309 963 cur
325 913 448 985 poena,
476 897 536 967 vel
552 896 695 968 honore
716 891 885 967 afficimur
900 891 1120 985 perspedlum
1136 894 1197 967 lra-

128 992 291 1066 beamus.
343 993 456 1090 Quod
481 994 503 1066 si
531 995 607 1086 quis
623 996 752 1067 divinae
771 993 915 1066 virtutis
930 995 968 1065 in
988 993 1031 1063 iis
1049 994 1194 1087 agendis

129 1090 308 1164 celeritati
326 1087 433 1166 fidem
454 1114 530 1167 non
552 1095 684 1188 habet,
711 1094 739 1165 is
767 1093 910 1184 Deum,
937 1115 957 1165 a
980 1112 1054 1184 quo
1074 1094 1195 1166 omnia
1268 1090 1273 1102 ‘

128 1189 279 1264 condita
295 1188 394 1284 sunt,
420 1194 580 1267 nondum
595 1197 715 1267 animo
727 1193 1020 1288 comprehendit,
1037 1192 1095 1263 cui
1106 1205 1193 1264 tem·

127 1309 221 1464 {ore
239 1311 332 1383 opus
349 1311 427 1363 non
445 1292 535 1386 fuit,
561 1309 602 1366 ut
622 1306 758 1366 tantam
780 1294 860 1365 coeli
881 1292 1036 1365 &terre
1058 1292 1194 1368 molem

144 1391 340 1464 abricaret:
365 1411 447 1463 nam
467 1394 598 1468 etiamn
617 1396 710 1467 intra
730 1392 789 1466 sex
807 1394 881 1465 dies
900 1392 976 1465 haec
990 1388 1120 1463 crealse
1138 1392 1193 1464 vi»

127 1487 274 1580 dentur,
298 1489 483 1563 intelledlu
492 1514 585 1587 opus
599 1492 668 1584 est,
694 1506 737 1565 ut
747 1512 875 1592 capere
888 1490 1080 1583 poffimus,¹
1101 1511 1191 1579 quo·

126 1607 208 1662 nam
221 1586 320 1662 sensu
335 1589 371 1662 id
383 1589 511 1682 dilium
526 1591 595 1684 est,
612 1594 705 1667 intrt
719 1591 780 1666 sex
795 1593 890 1679 dies3
918 1605 1069 1683 propter
1080 1588 1198 1667 illude·

130 1691 197 1784 Hic
218 1686 298 1759 liber
315 1696 531 1783 generationis
548 1694 615 1763 coeli
631 1690 670 1767 (Ἰ
690 1710 807 1777 tem,
833 1690 867 1762 δι
889 1710 966 1782 quae
982 1686 1189 1779 sequuntur·

127 1785 343 1862 Audendum
368 1787 419 1861 est
429 1791 543 1886 igitur
565 1792 807 1866 &dicendum
826 1791 937 1863 futuri
953 1788 1079 1881 judicii
1100 1804 1190 1862 tem·

127 1907 191 1980 pus
209 1884 359 1980 spatium
374 1909 452 1961 non
472 1890 776 1984 desideraturum,
808 1890 866 1964 sed
890 1887 1190 1982 quemadmodum

85 2033 100 2086 i
127 1984 336 2059 resurrefflo
358 1991 395 2057 t‘n
414 1990 531 2086 putrido
555 1997 728 2087 temporis,
763 1992 982 2061 inaeniorum
1006 1985 1188 2062 milladium

127 2084 246 2160 fututa
265 2087 420 2192 dicitur,
447 2091 519 2162 tale
534 2091 695 2165 futurum
708 2089 880 2183 judicium
898 2086 1074 2161 existimo.

85 2211 88 2222 ·
200 2205 258 2261 to.
284 2186 428 2261 Deinde
455 2210 549 2263 vero
576 2190 680 2286 super
704 2192 760 2264 his
786 2186 1020 2263 differendum
1040 2183 1110 2260 est:
1137 2183 1187 2258 Et

123 2305 191 2358 ‘unt
204 2284 336 2380 coepr'fftt
352 2294 507 2360 rationem
517 2314 648 2387 ponere,
662 2292 800 2363 oblatus
814 2289 854 2385 eft
863 2292 893 2359 ti
908 2311 1011 2372 nnus,
1035 2289 1091 2382 qui
1101 2286 1186 2356 nele-

129 2383 178 2457 ln
192 2392 222 2457 ei
234 2387 335 2457 muira
346 2389 489 2487 talento,
517 2412 593 2484 quae
604 2394 710 2465 talem
726 2392 811 2464 milri
826 2382 1120 2484 significationem
1130 2386 1187 2459 vi·

128 2485 253 2564 dentur
279 2488 481 2565 continere.
543 2492 672 2585 Judicii
702 2488 856 2563 faciendi
880 2503 1020 2580 tempus
1043 2485 1184 2561 initiunt

128 2585 221 2658 ducit
243 2607 263 2657 a
281 2586 503 2682 domoon,
531 2591 682 2663 dicentis
700 2591 764 2679 iis,
791 2590 919 2680 quibus
935 2603 1119 2679 poenatum
1132 2584 1185 2658 in·

85 2709 90 2786 ᾗ
127 2683 350 2782 digendarum
374 2681 462 2762 ¹cura
484 2690 694 2763 demandata
716 2688 795 2781 est,
827 2684 1127 2779 quemadmodum
1146 2684 1185 2759 in

85 2805 87 2812 '
127 2781 315 2860 Ezechiele
337 2782 505 2878 scriptum
528 2805 650 2862 extat:
683 2793 715 2861 A
736 2785 857 2875 landis
874 2791 947 2857 meis
966 2789 1123 2879 incipite,
1148 2783 1184 2855 dt

85 2893 88 2904 '
126 2885 307 2960 oiilationi
323 2889 419 2957 oculi
436 2888 544 2961 simile
560 2887 631 2977 est3
659 2902 800 2979 tempus
818 2901 935 2959 autem
953 2880 1201 2975 reposcendo·

125 2988 271 3058 rationis
284 2986 630 3062 eidemetiaimsrmile
645 2984 846 3061 enemente
860 2984 1099 3077 concipimur,
1111 3001 1182 3054 nec

85 3077 93 3124 ³
126 3087 213 3160 mim
226 3104 354 3158 eorum
369 3087 475 3159 obliti
491 3086 629 3180 sumus,
658 3108 736 3179 quae
757 3087 801 3159 de
818 3086 860 3158 iis
881 3079 1095 3173 dictasunt,
1119 3081 1198 3171 qui·

124 3187 221 3278 plura
241 3185 399 3258 debent:
425 3190 657 3277 quamobrem
674 3207 750 3259 non
767 3186 934 3279 scriptum
953 3177 1189 3274 quidemestz·

126 3285 199 3356 01η
215 3289 371 3354 rationem
381 3304 532 3380 poneret,
559 3286 642 3359 sed:
671 3290 750 3356 Cum
768 3283 897 3380 coepiffit
912 3290 1070 3353 rationem
1089 3302 1182 3374 pune·

125 3408 171 3466 n,
194 3385 316 3455 allatus
329 3384 393 3479 cll,
421 3405 502 3457 cum
523 3383 656 3457 scilicet
676 3386 826 3458 tationis
849 3382 1027 3478 ponendae
1042 3380 1183 3453 initium

85 3463 93 3568 l
124 3483 281 3573 molliet,
307 3509 412 3571 nnus,
435 3490 491 3581 qui
516 3487 638 3557 debebat
660 3490 689 3555 ei
704 3488 805 3555 multu
829 3487 972 3567 talenta,
1000 3479 1095 3571 quast
1119 3479 1181 3572 qui

85 3575 92 3632 ἵ
123 3581 292 3658 inmensa
313 3584 531 3658 talentorum
558 3586 698 3658 lummae
717 3582 886 3676 iadluram
911 3579 1074 3670 swillet,
1109 3579 1182 3652 cui·

85 3673 99 3792 j
124 3701 188 3776 que
209 3701 348 3777 magnae
363 3703 442 3776 res,
468 3698 575 3775 atque
594 3706 644 3758 eae
660 3688 866 3777 complures
886 3683 919 3753 dt
939 3677 1180 3755 commissa&
1250 3738 1253 3745 .

89 3795 92 3800 '
117 3783 261 3870 credite
278 3778 442 3873 initient,
466 3786 604 3857 nullum
625 3797 744 3857 autem
760 3784 805 3855 ad
820 3784 943 3856 herum
961 3780 1182 3854 emolumen-

85 3867 90 3888 '
123 3893 193 3978 turo
205 3879 402 3974 retulisset,
427 3879 485 3954 sed
501 3887 689 3960 multarum
703 3902 821 3956 rerum
837 3879 955 3955 fuiffet
964 3879 1183 3973 dispendium

85 3957 92 4006 ²
124 3973 258 4078 pallus,
282 3981 333 4053 ite
345 3995 387 4056 ut
405 3985 538 4058 talenta
554 3984 704 4058 deberet
719 4002 823 4077 quam
841 3981 1023 4080 plurimae
1047 3977 1085 4050 dt
1097 3976 1187 4061 ideo

87 4077 90 4140 Ι
616 4082 659 4161 H
685 4104 709 4178 3
998 4073 1161 4159 tumme
1219 4158 1221 4162 .
