2800 4567
305 295 1099 420 ...ruma-ooununronxv)
1187 350 1256 439 rr,
1323 305 1327 316 “

196 514 268 589 que
283 501 465 591 pertinere
475 500 718 591 contendant,
746 517 824 572 cum
841 512 914 574 tres
926 501 1175 578 eunuchismos
1188 504 1255 599 spi·

193 600 371 671 ritualiter
386 597 454 674 effe
470 602 634 692 prolatos
647 600 889 691 unusquisque
903 598 1025 694 spiritu
1039 604 1192 701 vivens,
1218 603 1254 679 dt

193 694 321 791 spiritu
337 701 517 776 ambulans
532 702 569 772 in
584 701 738 775 animum
757 699 927 776 inducere
942 701 1126 780 debuillet

261 892 326 983 De
346 895 480 1009 pueris
499 887 605 1014 Jesu
633 894 763 986 oblatis
790 919 835 986 ut
861 924 1000 988 monus
1027 903 1079 988 eis
1105 902 1177 989 im·
1288 950 1290 954 ·

269 1059 273 1064 -
630 1040 803 1130 poneret.

200 1259 204 1264 .
264 1202 300 1277 6.
332 1192 424 1278 Tunc
438 1199 536 1282 ollari
546 1202 623 1290 sunt
635 1206 664 1275 ei
676 1204 826 1301 parvuli,
853 1202 887 1277 δι
910 1203 1065 1297 reliqua,
1079 1199 1189 1294 usque
1204 1195 1248 1272 ad

190 1297 246 1376 id:
276 1303 323 1372 Ei
343 1328 410 1372 tum
432 1302 612 1399 impojurffer
631 1310 675 1374 eis
697 1329 833 1386 monus,
859 1304 940 1376 obiit
957 1305 1042 1381 inie.'
1064 1301 1172 1378 Tunc
1189 1321 1250 1371 ex·

189 1400 306 1495 polita
326 1401 479 1476 historia·
490 1405 661 1500 contigit,
686 1426 766 1478 cum
785 1407 886 1496 pueri
906 1404 988 1499 Jesu
1008 1404 1121 1478 oblati
1142 1399 1222 1473 sunt
1234 1450 1259 1492 ,„

189 1504 402 1576 volentibus
416 1502 480 1594 iis,
507 1505 565 1593 qui
589 1501 816 1595 offerebant,
843 1521 883 1578 ut
899 1526 1022 1578 manus
1038 1504 1118 1597 ipsis
1134 1503 1249 1591 impo-

189 1615 316 1692 neret,
343 1601 376 1674 n
401 1623 527 1695 preces
548 1625 614 1695 pro
639 1604 718 1699 ipsis
736 1605 914 1680 funderet.
939 1606 1052 1695 Atqui
1068 1601 1249 1675 sciendum

188 1698 247 1794 est¹
268 1720 447 1792 nunquam
464 1724 538 1776 non
554 1702 635 1798 Jesu
660 1725 794 1798 pueros
808 1705 970 1779 animam
1004 1701 1168 1794 offerre,
1203 1698 1249 1771 de

189 1801 318 1894 quibus
341 1802 402 1878 srbi
427 1803 577 1895 depositi
596 1802 703 1882 instar
726 1804 845 1878 aDeo
866 1805 1004 1877 traditis
1020 1803 1137 1876 dicat:
1169 1800 1248 1871 Ecce

173 1905 237 1992 'ego
261 1898 300 1978 (Ἰ
316 1908 433 2002 priori,
457 1929 534 1999 quos
550 1903 924 1989 ierosolimorum,
951 1901 985 1975 &
1011 1922 1137 1976 eorum
1161 1919 1249 1994 pue·

187 2019 313 2074 rorum
337 2001 493 2078 infantes
514 2005 740 2097 appellentur
759 2005 944 2095 nonnulli,
969 2004 1027 2076 alii
1048 2000 1247 2090 latlentes,

186 2113 227 2174 ut
239 2098 434 2178 infantibus
452 2105 557 2178 etiam
573 2104 848 2194 imbecilliores,
876 2103 909 2180 u
933 2102 1111 2178 Dominus
1127 2098 1249 2174 nostor

187 2216 589 2296 antrorumque-ore
608 2204 749 2280 laudem
778 2200 965 2298 perficiat,
994 2218 1036 2275 ut
1058 2199 1203 2295 cognita
1227 2218 1248 2279 a

184 2300 292 2378 uobis
313 2302 488 2398 ejusmodi
504 2306 546 2376 in.
558 2325 692 2400 pueros
707 2306 799 2380 illius
820 2299 1059 2378 beneficentia
1075 2302 1251 2374 dicamus:

189 2401 244 2476 Ex
269 2424 323 2472 ore
352 2403 534 2493 infantium
567 2402 605 2480 (ὅ
636 2404 826 2477 lollmrium
848 2403 1003 2500 perfecisti
1024 2404 1158 2473 laudem.
1200 2397 1249 2470 lli

187 2520 281 2576 uero
300 2503 403 2593 pueri
421 2503 562 2590 dicendi
575 2504 674 2597 sunt,
704 2505 763 2595 qui
780 2506 939 2577 carnales
954 2499 1083 2580 suntin
1106 2494 1248 2572 Christo
1280 2533 1283 2538 ·

185 2620 227 2676 ac
249 2599 405 2677 infantes
428 2604 629 2695 cujusmodi
652 2603 864 2680 Corinthios
885 2601 955 2680 ella
980 2601 1091 2680 sciens
1117 2598 1247 2673 Paulus

187 2699 371 2793 apostolus
386 2703 544 2780 dicebat:
572 2704 621 2780 Et
638 2729 687 2797 ego
701 2730 765 2775 non
783 2709 875 2802 potui
887 2704 975 2774 uobis
987 2705 1075 2800 loqui
1088 2698 1248 2797 qrofispi·

187 2800 376 2889 ritualibus,
395 2804 448 2891 sed
466 2804 553 2901 quast
571 2805 771 2882 carnalibus,
795 2804 878 2898 quast
892 2805 1039 2902 parvulis
1060 2808 1096 2870 in
1117 2796 1248 2893 Christo.

170 2897 294 2974 Tales
309 2916 427 2979 autem
444 2906 544 2998 pueri
561 2920 648 2976 tunc
661 2906 775 2978 oblati
786 2902 883 2994 sunt,
900 2900 1077 2999 &semper
1087 2896 1249 2971 offerun-

185 3012 243 3071 tur
263 2998 358 3099 Jesu.
408 3002 614 3079 Oblationis
641 3020 764 3077 autem·
783 3024 978 3095 puerorum
1003 3011 1249 3096 argumentum

184 3099 250 3175 est,
268 3100 423 3192 ecclelia
433 3101 620 3182 infantium
631 3103 667 3176 in
678 3102 841 3193 Christo,
860 3099 1125 3189 &labiennum
1142 3094 1245 3187 latis,

179 3219 263 3292 mon
285 3198 400 3274 solido
423 3205 507 3276 cibo
531 3207 712 3297 egentium
735 3203 951 3294 multitudo,
984 3220 1076 3293 quos
1099 3199 1247 3284 fovens,

183 3299 374 3375 nonlecus
391 3299 535 3377 aclilios
548 3303 628 3376 suos
639 3306 787 3395 nutrix,
803 3301 849 3376 fic
860 3304 1081 3393 alloquatur:
1108 3303 1176 3372 Lac
1191 3321 1247 3367 uo·

185 3399 231 3469 lis
246 3418 356 3495 potum
380 3404 466 3489 deit,
490 3429 556 3474 uon
578 3406 691 3489 esrom,
716 3406 856 3472 nondum
882 3409 967 3472 enim
980 3405 1145 3498 pontons.
1172 3396 1247 3474 De.-

148 3498 267 3580 ,inde
301 3501 589 3593 quandoquidem
619 3501 871 3599 evangelistae,
913 3502 972 3592 qui
1010 3499 1166 3589 horum,
1201 3496 1247 3569 de

182 3601 313 3693 ¹quibus
329 3602 388 3674 hic
407 3605 544 3699 agitur,
568 3605 828 3695 meminerunt,
856 3601 956 3692 quod
972 3602 1084 3673 oblati
1099 3598 1248 3674 fuerunt

180 3701 324 3794 parvuli
345 3698 447 3796 Jesu,
472 3715 515 3775 ut
528 3706 578 3778 ait
590 3704 803 3795 Matthaeus‚
830 3703 914 3791 vel,
939 3713 981 3773 ut
997 3700 1168 3789 Marcus,
1192 3701 1248 3766 in,

158 3799 292 3896 &aruer
311 3805 339 3871 ei
360 3801 564 3892 obtulerunt,
590 3802 802 3898 scripserunt
829 3802 992 3891 quidem3
1020 3814 1056 3873 at
1078 3820 1097 3870 a
1119 3798 1247 3887 quibus

184 3903 298 3976 oblati
311 3901 468 3993 fuerint,
487 3906 547 3977 vel
565 3903 706 3995 quinam
726 3903 947 3991 obtulerint,
966 3898 1108 3973 silentio
1125 3906 1250 3988 praete·

185 3992 1252 4199 rierunt,nobisinuestigafflazelinquentes,altorff&
