2800 4567
239 361 243 368 Ι
287 259 350 336 ru
375 203 748 336 mnarumuur
781 257 902 340 son.
927 260 1018 342 xlv.
1118 285 1188 361 ,ῃ

125 425 272 500 ratione
288 424 509 514 tolerarunt,
540 422 600 513 qui
615 434 699 498 ante
715 421 938 496 undecimam
966 422 1070 497 acciti
1089 424 1187 518 sunt)

127 544 212 618 cum
233 521 488 616 patrisfamilias
512 521 717 618 dignitatem
740 520 949 617 ignorarent
970 522 1092 615 primi,
1118 545 1188 599 nec

128 622 298 698 adversus
325 643 405 694 eum
423 622 564 701 minime
577 620 863 714 murmurandum
885 620 954 695 elie
966 620 1106 713 scirent,
1118 647 1189 706 am·

157 727 224 796 lius
246 721 376 812 aliquid
398 720 514 793 salutis
538 734 644 818 atque
661 718 877 812 posteriores
895 720 1013 814 adepti
1034 721 1190 818 fuerint,

128 747 168 896 {e
184 819 441 894 consecuturos
462 815 773 907 existimaverunt,
800 820 833 892 or
855 820 1022 894 adversus
1040 835 1192 915 patrem·

131 917 281 996 familias
302 916 542 1010 muliorum,
567 919 672 992 nobis
691 916 877 1010 postremis
894 919 1112 1012 invidentes,
1131 923 1191 1014 qul
1243 915 1245 920 ’

131 1040 199 1115 per
223 1020 326 1093 unius
353 1014 465 1090 solum
491 1017 589 1090 horae
613 1016 762 1111 spatium
786 1019 829 1089 ad
851 1011 1192 1094 consummationem

131 1121 243 1210 usque
273 1137 365 1211 opus
389 1115 599 1198 fecerimus,
633 1117 667 1190 dr
695 1118 845 1208 aequales
868 1131 986 1191 tamen
1008 1117 1048 1190 iis
1073 1117 1193 1192 effettl

132 1219 251 1300 fimus,
262 1218 320 1309 qui
337 1217 379 1289 ad
398 1217 552 1288 divinam
570 1223 713 1290 vineam
731 1219 774 1289 ab
789 1218 893 1305 initio
911 1219 1078 1290 advocati
1093 1220 1191 1293 sunta

134 1332 172 1390 at
194 1313 442 1410 paterfamilias
458 1311 519 1388 uni
541 1313 707 1408 illorum,
732 1314 794 1408 ipsr
810 1314 955 1390 fortalle
968 1313 1123 1410 Adamo,
1142 1319 1193 1391 di·

136 1417 211 1490 xit:
238 1411 359 1503 Amice,
392 1440 458 1486 non
476 1415 564 1506 facia
591 1413 654 1486 rili
677 1417 855 1514 injuriam
887 1414 1049 1488 norrnc'ex
1064 1420 1192 1488 denario

134 1516 311 1611 convenisti
327 1509 465 1586 mecum?
490 1508 601 1604 Tolle,
626 1516 811 1612 quadrarum
826 1512 884 1611 esi,
910 1516 1056 1604 moade,
1091 1530 1198 1591 tuum.

136 1615 269 1710 quippe
289 1613 339 1687 est
358 1611 468 1704 salus,
492 1611 751 1704 que-denarius
767 1612 836 1687 est:
869 1616 1192 1709 Voloenim,inquit‚
1234 1681 1237 1687 .

136 1721 175 1793 (9
200 1717 276 1785 huic
303 1717 376 1784 darc
399 1713 477 1806 ficut
498 1713 538 1790 (ἴ
563 1713 643 1802 rili5
675 1734 745 1786 nec
769 1713 879 1805 dixit,
905 1717 974 1802 his,
1008 1711 1197 1788 sedunum

137 1817 290 1907 aliquem
310 1814 477 1887 eximium
499 1811 817 1904 &praeclarium
846 1813 1063 1909 designavit,
1091 1834 1197 1906 quem

139 1915 295 1988 indicare
322 1913 546 1986 temerarium
571 1909 647 2000 est3
675 1926 710 1983 at
728 1929 803 1985 non
822 1915 949 2005 procul
966 1933 985 1985 a
1001 1931 1092 1987 uero
1111 1911 1200 1985 Pau·

138 2015 212 2087 lum
233 2015 329 2086 hunc
347 2010 416 2083 elle
435 2008 636 2105 apostolum
653 2011 784 2103 conjici
801 2011 934 2104 potest,
948 2014 1007 2104 qui
1025 2034 1094 2085 una
1108 2014 1199 2086 hora

140 2114 243 2208 operi
266 2108 526 2203 incubuit'prae
548 2112 716 2182 omnibus
741 2107 908 2202 formiis,
936 2117 993 2200 qui
1012 2114 1072 2206 ipsi
1089 2112 1200 2185 antei·

138 2223 283 2286 verunt.
335 2209 448 2308 Quod
471 2209 497 2281 sr
524 2208 556 2280 dr
579 2205 623 2281 de
643 2211 749 2282 vinea
773 2210 902 2300 aliquid
924 2211 1112 2284 dicendum
1136 2210 1200 2304 est,

139 2312 259 2407 petito
279 2309 322 2382 ab
340 2330 386 2382 eo
404 2323 632 2404 argumento,
660 2310 719 2400 qui
743 2311 891 2399 aliquam
911 2327 1118 2404 proponens
1143 2333 1201 2406 pa·

141 2410 325 2500 rabolam,
351 2409 435 2500 quid
454 2407 494 2480 srt
514 2408 642 2499 vinea,
668 2405 857 2500 patefecit,
882 2409 1022 2482 vineam
1038 2407 1105 2481 elle
1122 2429 1202 2503 reg·

141 2531 226 2586 num
247 2507 316 2579 Dei
331 2507 658 2604 pronuntiabimus3
685 2507 731 2580 sic
746 2510 838 2583 enim
855 2507 926 2601 ipse
942 2509 1015 2582 hoc
1033 2512 1119 2581 loco
1137 2511 1203 2581 ait:

143 2609 321 2701 Auferetur
343 2634 363 2678 a
384 2607 471 2678 vebis
494 2629 617 2700 regnum
646 2611 728 2694 Dei,
754 2615 792 2683 <5
814 2609 937 2680 dabitur
955 2615 1053 2702 gerari
1063 2605 1205 2699 facienti

138 2707 272 2806 fruc‘lur
293 2710 370 2802 ejus.
423 2709 647 2800 Quicumque
674 2723 761 2802 ergo
795 2709 830 2779 in
866 2707 1065 2781 excolenda
1096 2710 1206 2780 vinea

143 2827 237 2903 opus
262 2807 454 2896 facientes,
490 2823 601 2898 opera
622 2809 722 2900 regni
744 2805 814 2878 Dei
840 2806 949 2880 salute
974 2807 1087 2903 digna.
1106 2825 1207 2900 pera·

143 2922 254 3014 gunt,
281 2905 461 2980 denarium
478 2900 664 2998 recipient.

221 3008 280 3100 3⁶·
304 3004 493 3095 Postquam
516 3021 557 3074 ea
580 3002 682 3095 super
706 3000 889 3097 propolita
913 3003 1084 3097 parabola
1109 2998 1207 3077 dilie-

142 3105 299 3196 ruimus,
335 3106 411 3176 hacc
436 3105 540 3175 etiarn
567 3099 668 3195 super
696 3123 736 3175 ea
761 3105 866 3178 nobis
892 3102 928 3177 ln
954 3119 1108 3178 mentem
1144 3123 1207 3177 ve·

144 3207 272 3299 niunt,
299 3223 375 3295 quae
396 3204 449 3274 his
470 3204 569 3275 utilia
593 3199 662 3275 effe
684 3195 851 3295 possunt,
880 3221 970 3298 quos
992 3197 1206 3296 profundior

146 3301 430 3380 &reconditior
455 3295 607 3375 offendit
633 3301 897 3396 interpretatio.
957 3301 1095 3394 Aliquis
1117 3320 1206 3396 ergo

146 3415 264 3479 totam
290 3403 476 3477 hominum
493 3405 626 3493 vitam,
654 3399 746 3476 diem
762 3406 799 3474 in
821 3401 991 3496 parabola
1009 3397 1208 3496 exprellum

150 3499 249 3594 elle3
277 3501 433 3592 acideo,
450 3503 508 3592 qul
526 3521 544 3572 a
561 3502 691 3589 teneris
708 3499 906 3598 unguiculis
925 3501 1115 3575 &lneunte
1131 3515 1212 3575 aeta·

149 3617 188 3678 te
205 3603 250 3677 ad
269 3621 380 3694 opera
395 3603 491 3698 regni
508 3597 578 3672 Dei
596 3593 757 3674 facienda
774 3601 894 3673 votatl
912 3602 1011 3694 sunt,
1039 3619 1102 3674 eos
1127 3594 1211 3695 elle,

152 3723 244 3796 quos
269 3695 404 3775 summo
427 3717 528 3786 mane
549 3701 723 3773 conducit
743 3695 1013 3794 paterfamilias,
1041 3697 1212 3773 declarari

153 3805 272 3892 dicet3
300 3805 360 3890 qul
382 3815 518 3892 autem,
533 3795 719 3892 postquam
740 3799 998 3894 adoleverunt,
1016 3799 1131 3873 Deum·
1150 3815 1213 3869 co·

152 3903 230 3980 lere
245 3898 442 3993 incipiunt,
468 3890 644 3990 anselle,
672 3895 730 3992 qul
752 3899 833 3996 poll
857 3893 998 3975 tertiam
1014 3891 1138 3974 hdram
1157 3913 1212 3971 ac·
1240 3943 1244 3954 .

173 4087 176 4096 ,
213 4005 364 4118 Origenes
393 3995 575 4103 Tomaxl.
618 4013 621 4020 ·
730 3991 807 4074 ‘³8'
1062 3991 1165 4071 celle·
