2800 4567
298 197 365 350 I'N
388 263 767 354 narsum-M
799 261 921 345 Tora.
945 191 1062 360 xlta,
1161 291 1211 370 49

136 424 393 518 affecutisuut3
420 430 526 504 verbi
536 429 650 522 causa,
658 443 700 502 ut
711 429 788 520 quis
801 440 1054 518 convertatur,
1069 424 1103 500 dr
1117 447 1207 520 quo·

88 591 92 596 .
134 523 253 604 modo
270 525 305 602 se
318 528 581 604 hebetudinem
595 550 707 623 puer,
734 530 812 612 talis
829 529 912 617 ille,
931 529 988 600 vir
999 529 1104 620 licet,
1120 547 1206 606 eva·

132 629 221 716 dat3
257 629 607 719 &quemadmodum
626 627 662 702 se
684 629 796 701 habet
814 629 856 702 ad
878 647 1068 702 moerorem
1086 648 1203 722 puer,

134 730 194 820 qui
222 740 298 800 turn
319 728 441 821 ridet,
466 728 611 802 &ludit
629 749 910 818 nonuunquam,
938 748 1018 800 cum
1036 745 1202 804 mortuus

127 828 231 922 jacet
246 843 368 919 pater,
393 828 606 908 valoines,
632 830 694 900 vel
710 829 834 918 aliquis
855 851 875 900 e
897 826 1093 918 fratribus,
1120 828 1201 902 talis

136 926 287 1019 evadat,
316 927 376 1018 qui
399 925 596 1010 conversus
616 925 752 1013 fuerit,
780 928 901 1018 quales
919 924 999 999 sunt
1019 928 1139 1019 pueri,
1166 928 1202 1001 dt

135 1025 296 1100 lubitum
308 1027 352 1098 ad
363 1024 619 1119 suscipiendum
628 1047 818 1102 moerorem
833 1028 977 1100 minime
996 1028 1201 1119 proclivem

133 1145 152 1208 a
168 1127 315 1198 ratione
329 1141 534 1218 oomparet.
558 1141 600 1200 ut
612 1129 725 1220 qualis
737 1122 787 1200 est
800 1127 842 1200 ad
860 1126 1034 1200 tristitiam
1051 1126 1211 1221 exiguus·

133 1227 327 1318 puerulus,
352 1227 433 1298 talis
448 1226 579 1301 illesrt.
637 1228 758 1300 Simile
775 1246 922 1318 quoque
944 1227 988 1299 de
1006 1247 1052 1298 eo
1075 1225 1199 1319 dices,

135 1326 235 1416 quod
254 1325 423 1420 voluptas
437 1339 685 1419 nuncupatur,
712 1347 781 1417 qua
796 1340 932 1399 temere
950 1325 984 1397 ἃ
999 1327 1131 1415 absque
1146 1345 1202 1398 ra·

134 1427 239 1496 tione
259 1426 505 1498 accenduntur
534 1427 568 1497 dr
590 1423 813 1500 stimulantur
833 1427 997 1499 homines
1021 1445 1198 1518 nequam,

134 1526 264 1615 cuique
278 1526 422 1598 minime
436 1526 589 1597 obnoxii
603 1522 683 1599 sunt
700 1526 828 1619 pueri,
852 1526 884 1597 δι
903 1528 962 1615 qui
977 1539 1200 1597 convertun-

134 1638 217 1715 tur,
257 1644 299 1696 ac
323 1627 441 1717 pueris
464 1625 589 1698 similes
611 1622 823 1699 efficiuntur.
884 1624 1198 1721 Quemadmodum

134 1743 227 1796 vero
241 1740 410 1796 accurate
428 1725 472 1798 ab
490 1726 565 1798 aliis
584 1725 863 1798 demonstratum
879 1724 958 1814 ast,
982 1726 1019 1796 in
1041 1743 1197 1816 pueros,

135 1824 264 1914 quibus
279 1825 439 1898 nondum
452 1825 595 1916 plenior
609 1827 762 1900 rationis
779 1823 859 1896 usus
878 1823 1037 1913 accellit,
1061 1824 1199 1896 nullum
1243 1854 1247 1865 ·

135 1922 265 1996 horum
285 1919 475 1997 affedtuunr
490 1924 641 2015 cadere3
667 1924 766 2015 quod
788 1925 810 1996 sr
832 1927 989 2013 nullum,
1016 1939 1117 1995 certe
1135 1943 1198 1994 ne·

136 2039 204 2114 que
222 2024 411 2098 timorems
446 2036 484 2095 at
509 2021 641 2113 liquid
669 2025 774 2098 animi
801 2023 1063 2116 perturbationi
1088 2021 1198 2096 simile

134 2123 255 2215 pueris
267 2123 466 2218 contingit,
493 2121 659 2219 exiguum
678 2123 765 2196 illud
782 2121 855 2212 est,
888 2123 1044 2196 citissime
1067 2142 1199 2194 evane-

85 2231 90 2304 l
134 2217 575 2310 icens&consanescens;
603 2222 694 2296 adeo
708 2219 1009 2295 utficonlecutus
1023 2222 1109 2294 illud
1122 2222 1199 2294 fue·

85 2375 87 2382 -
135 2323 207 2414 rit,
233 2321 294 2410 qui
314 2341 510 2414 puerorum
529 2317 651 2396 finilia
666 2322 908 2396 conversione
927 2319 1038 2394 seclus
1058 2319 1130 2412 est,
1156 2331 1199 2412 ut

85 2457 88 2498 e
135 2421 235 2513 pueri
247 2418 354 2494 instar
364 2417 511 2494 affectus
527 2418 608 2496 suos
620 2422 682 2496 libi
694 2420 786 2515 quafi
802 2419 1010 2512 subjecerit,
1028 2422 1197 2515 preclare

84 2503 90 2614 ζ
134 2517 250 2594 secum
268 2521 322 2616 agi
341 2521 537 2614 putendum
556 2522 589 2594 ei
609 2520 661 2595 stt
712 2521 770 2593 Ac
791 2521 836 2594 de
853 2523 984 2596 timore
1001 2519 1142 2612 quidem
1159 2517 1201 2594 sr-

84 2625 88 2666 ²
136 2621 230 2694 milia
246 2619 289 2691 iis
306 2619 570 2716 intelligantur,
597 2642 675 2713 quae
693 2618 795 2714 supra
810 2621 1038 2707 tradidimus,
1063 2637 1199 2714 pueros

136 2719 310 2792 videlicet
323 2719 498 2794 malorum
516 2723 647 2794 timore
658 2741 879 2812 nequaquam
897 2720 1065 2812 percelli,
1092 2733 1128 2790 at
1140 2717 1201 2814 alif

137 2818 319 2910 quoalio,
347 2817 444 2908 quod
456 2834 574 2894 tannen
587 2823 754 2893 timorem
768 2823 969 2914 appellant,
996 2819 1055 2910 qui
1069 2817 1113 2890 de
1127 2816 1200 2890 ani·

136 2919 181 2992 mi
200 2918 554 3011 perturbationibus,
581 2940 779 3010 eorumque
800 2920 1004 2992 nominibus
1032 2930 1201 2990 accurate
1268 2953 1270 2958 ·

134 3115 223 3210 ipsas
246 3117 354 3190 etiarn
365 3118 541 3209 lacrymas
556 3118 764 3211 injuriarum
782 3118 924 3191 oblivio
940 3170 953 3208 ,
981 3119 1038 3208 qui
1060 3128 1202 3207 tempo·

135 3217 181 3290 ris
193 3213 330 3309 puucio
346 3216 604 3292 immuntantur
622 3217 805 3304 derident,
833 3238 984 3307 cumque
1003 3218 1044 3287 iis
1056 3217 1222 3310 ludunt,¹

136 3317 196 3408 qui
208 3317 422 3390 timore-eos
436 3314 592 3390 affecisse
609 3318 642 3390 dr
659 3320 828 3391 timorem
844 3311 1013 3390 incullrsse
1032 3315 1203 3388 videban-

135 3013 389 3109 differueruut,
415 3019 616 3112 cujusmodi
636 3040 830 3111 puerorum
845 3038 991 3109 quoque
1007 3015 1080 3108 est,
1106 3018 1208 3088 inter·

83 3057 96 3601 ἱ
137 3429 217 3509 tur,
244 3407 304 3488 sed
315 3432 445 3488 revera
455 3417 542 3490 nihil
554 3422 626 3490 tale
643 3416 816 3492 fecerant.
838 3417 914 3508 „Ad
928 3415 1091 3489 eumdem
1106 3433 1200 3486 vero

138 3516 286 3590 modum
301 3509 338 3588 se
355 3516 530 3608 deprimet
550 3515 583 3588 dr
603 3517 964 3610 abjicietquispiam,
991 3513 1034 3587 ad
1049 3535 1154 3605 quem
1168 3511 1203 3588 se

86 3603 94 3670 Ψ
140 3614 261 3708 abjicit
273 3633 386 3708 puer,
412 3607 850 3710 quemJesusaccersrvit3
877 3618 913 3689 in
932 3635 1081 3707 puerum
1100 3611 1202 3704 siqui·

140 3713 219 3790 dem
233 3734 352 3806 neque
365 3719 460 3786 cadit
474 3709 656 3808 strperbia,
674 3737 793 3808 neque
808 3715 969 3811 generis,
982 3713 1204 3786 divitiarum·

143 3831 188 3886 ve
201 3833 373 3909 arrogans
389 3813 616 3912 existimatio,
638 3832 700 3890 aut
713 3815 860 3906 alicuius
874 3837 919 3888 ex
930 3817 971 3887 iis
985 3815 1107 3905 bonis,
1124 3831 1203 3902 qum

144 3915 316 4014 opinione
340 3913 482 4006 quidem
502 3914 588 3991 talia
608 3911 711 4011 sunt,
736 3935 867 3988 revera
886 3935 961 3990 nou
976 3907 1082 3994 sunt:
1107 3910 1204 3984 unde

191 4016 340 4112 virgime
369 4011 458 4090 Tam.
487 4016 557 4091 xl.
782 4013 819 4090 D
1027 4029 1164 4107 pueru-
