2800 4567
274 305 294 366 ,τ
327 297 391 378 ru
413 241 788 376 uarrumun
822 295 943 374 ron.
973 293 1066 378 xv.
1172 321 1242 402 179

164 477 335 556 ·-queunt,
356 465 414 556 qui
428 419 544 560 frij‘ldi
561 459 689 535 suntin
706 482 898 553 venerem,
918 461 949 534 dt
966 462 1107 558 segnes,
1128 462 1160 538 dr
1180 466 1243 556 qui

174 564 212 640 se
230 567 460 638 invenereaa
482 563 645 638 libidines
666 562 699 636 dr
719 562 992 654 obscenitates,
1018 567 1131 654 iisque
1152 567 1240 650 irmi-
1297 579 1301 586 ·

172 665 222 740 lia
258 684 334 740 uon
361 661 560 738 effundunt.
611 661 873 740 Abstinendum
898 664 1006 758 igitur
1031 667 1074 736 ab
1101 667 1142 736 iis
1170 669 1239 739 tria

171 745 499 862 generdagnolc03
523 763 662 855 quidam
681 764 775 836 enlm
798 765 886 836 talea
907 766 1088 855 procreati
1108 785 1148 835 ac
1164 765 1239 856 for·

163 869 167 874 ’
210 867 258 936 ati
279 864 379 956 sunt,
406 864 595 956 dequibus
617 861 737 942 dicere
758 863 860 936 licet:
888 866 973 934 Sum
995 866 1150 945 eunuch-i,
1178 868 1236 961 qui

160 885 339 1035 {matris
361 983 451 1035 utero
461 965 506 1059 fic
526 969 602 1034 nati
612 963 713 1052 sunt:
741 962 879 1053 quidam
901 981 991 1035 vero
1015 964 1237 1037 adhortatio·

162 1065 279 1138 nibus
299 1064 424 1154 adid,
449 1064 667 1154 monitisque
687 1061 847 1154 addudli,
875 1063 1117 1137 abstinentiam
1135 1085 1154 1135 a
1175 1087 1238 1137 ve·
1325 1125 1328 1130 .

162 1163 304 1254 nereis,
322 1164 356 1236 dr
370 1164 468 1238 omni
484 1166 578 1237 circa
592 1164 775 1258 muliebria
791 1165 872 1235 loca
886 1164 1027 1236 lascivia
1041 1182 1234 1239 exercent:

169 1284 248 1354 non
274 1261 817 1356 tamenejusmodi·proposrti,
854 1263 1034 1346 &studim
1068 1265 1100 1336 ἃ
1128 1265 1234 1336 laude

171 1362 288 1460 digni,
306 1376 349 1436 ut
364 1365 416 1457 ita
432 1365 566 1455 dicam,
589 1359 734 1440 affectus
749 1360 957 1454 suscipiendi
978 1379 1082 1436 autor
1105 1365 1146 1435 iis
1165 1363 1235 1436 fuit

170 1461 242 1535 Dei
262 1447 442 1554 'verb'llm,
480 1462 537 1536 sed
564 1463 773 1550 hominum,
805 1462 878 1534 five
904 1466 962 1554 qui
989 1463 1081 1556 apud
1107 1479 1233 1559 gentes

167 1559 405 1657 philosophie
419 1563 676 1648 incubuerunt,
694 1561 768 1634 sure
780 1563 1162 1657 prohibentium-nubere,
1179 1564 1233 1633 ab·

161 1666 286 1762 ,linere
309 1691 329 1730 a
353 1665 448 1748 cibis,
474 1663 721 1738 hereticorum
748 1658 938 1737 sermones.
989 1661 1038 1735 Hi
1064 1662 1232 1755 profecio

165 1763 253 1838 mihi
269 1759 456 1857 fignificari
476 1764 645 1846 videntur
662 1762 716 1834 his
734 1765 873 1835 verbis:
899 1766 987 1833 Sunt
1002 1767 1157 1846 eurzucln,
1176 1767 1233 1858 qui

159 1862 344 1956 jafflsunt
365 1863 501 1938 ,eunuchi
521 1863 767 1958 abdominibus.
818 1863 929 1961 Quod
955 1860 978 1936 sr
1003 1864 1082 1952 ouis
1111 1877 1231 1938 autem

168 1959 344 2056 ellumpto
355 1959 517 2034 sermone
529 1961 598 2034 Dei
620 1965 710 2034 vivo
727 1957 903 2048 &efficaci
914 2016 925 2054 ,
939 1961 1231 2054 penetrabiliore

170 2066 270 2136 omni
287 2060 410 2157 ,gladio
424 2063 591 2156 ancipiti,
616 2059 713 2154 srve,
738 2077 780 2132 ut
795 2063 1051 2154 eum-appellat
1072 2061 1233 2154 Aposto-

158 2162 246 2252 lus,
272 2160 391 2254 gladio
410 2158 570 2254 spiritur,
599 2161 710 2241 animi,
723 2158 931 2235 affedirones
949 2163 1082 2235 intailo
1099 2181 1234 2253 corpo·

158 2281 207 2336 ¹re
219 2259 380 2352 resecet,
407 2276 515 2351 atque
528 2261 563 2332 id
576 2261 718 2353 quidem
740 2264 839 2357 regni
859 2261 1007 2334 coelestls
1030 2262 1161 2334 intuitu
1181 2257 1233 2334 fa·

125 2393 128 2402 ·
158 2364 265 2453 ciat,
292 2364 326 2434 dr
351 2358 579 2436 affellionum
600 2361 705 2434 animi
735 2358 816 2453 lui,
844 2383 916 2453 ope
936 2361 1132 2453 sermonis,
1162 2381 1233 2434 am·
1293 2389 1297 2411 ·

168 2463 397 2557 putationem
412 2462 455 2536 ad
476 2460 764 2550 consequendum
792 2461 932 2536 celeste
958 2479 1105 2559 regnum
1125 2461 1235 2534 maxi·

168 2583 226 2638 me
244 2561 453 2633 conducere
477 2561 679 2654 existimet,
706 2561 793 2634 illud
818 2581 908 2633 vero
938 2557 1016 2656 est,
1045 2562 1143 2652 quod
1162 2579 1232 2655 pro

166 2681 256 2734 vera
272 2659 528 2734 abstinentia&
550 2659 708 2732 castitate
722 2662 922 2734 habendum
942 2657 1003 2736 est.
1033 2661 1073 2733 ln
1092 2681 1156 2733 eos
1174 2679 1234 2731 au·

169 2773 243 2836 tem
265 2760 353 2834 illud
379 2761 550 2852 quadrat,
576 2779 651 2832 non
674 2774 716 2832 ut
729 2759 964 2853 censuerunt,
992 2762 1050 2852 qui
1066 2762 1162 2833 hunc
1179 2762 1235 2832 lo·

161 2881 250 2935 cum
274 2859 477 2934 retulerunt
498 2859 541 2933 ad
567 2880 719 2951 corpus:
751 2863 841 2931 Sunt
863 2861 1020 2949 eunuchi,
1046 2867 1102 2958 qui
1122 2858 1233 2956 seipsos

168 2963 385 3057 castraverunt
406 2978 533 3058 prepter
560 2983 687 3053 regnum
713 2962 864 3034 celarum.
981 2983 1012 2996 ·’

242 3079 278 3150 5.
303 3058 462 3158 Maxima
482 3078 595 3153 porro
617 3081 659 3138 ea
676 3061 792 3134 virtus
810 3058 885 3148 est,
912 3057 1134 3136 castrationis
1159 3058 1233 3148 ani·

169 3177 256 3254 mar,
284 3177 360 3252 que
376 3181 394 3232 a
409 3155 573 3235 sermone
589 3155 794 3253 perficitur,
822 3156 890 3232 elle
908 3180 1072 3252 capacem
1087 3180 1100 3247 ς
1128 3159 1230 3252 cujus

169 3277 245 3334 uon
273 3257 508 3352 unusquisque
533 3279 643 3354 capax
673 3257 743 3353 est,
770 3259 826 3333 sed
853 3260 909 3332 cui
932 3257 1051 3332 darum
1074 3257 1144 3348 est;
1171 3259 1244 3333 ἀει

167 3369 243 3432 tum
259 3356 311 3431 est
329 3369 446 3434 lurein
464 3360 505 3432 lis
535 3361 721 3452 omnibus,
749 3362 806 3451 qui
833 3359 1003 3433 sermonis
1030 3360 1182 3456 gladium
1204 3379 1229 3431 a

167 3455 255 3533 Deo
288 3457 538 3553 postularunt,
573 3458 679 3534 &eo
701 3459 798 3533 recle
825 3462 874 3534 usr
901 3458 1005 3550 sunt,
1031 3473 1072 3531 ut
1096 3457 1229 3553 seipsos

167 3573 484 3657 propter-regnum
507 3562 679 3634 colorum
697 3561 901 3635 castrarent.
943 3557 1094 3654 Quodsi
1114 3581 1157 3632 ex
1177 3558 1230 3633 hi·

167 3657 284 3748 storiis
295 3712 307 3752 ,
319 3733 322 3738 ,
333 3679 412 3754 que
427 3660 464 3734 in
481 3659 653 3754 scriptura
672 3663 923 3744 continentur,
949 3659 1107 3752 quedam
1121 3659 1228 3733 nobis

169 3753 386 3856 rtti'ngendsae
404 3758 501 3854 sunt,
528 3781 607 3833 cum
626 3755 824 3859 anagogico
839 3781 982 3854 earum,
1010 3757 1114 3850 quem
1130 3765 1230 3832 coin·

163 3845 300 3954 minisci
318 3847 568 3952 lpoterimus,
601 3856 737 3948 sen'su3
772 3861 928 3934 dicamus
956 3853 1029 3931 'elle
1059 3857 1229 3949 quosdam

165 3953 363 4038 Pharaenlr
377 3962 587 4066 eunuchos,
612 3963 720 4139 balde
735 3960 889 4056 cujusvis
901 3960 955 4034 rei
967 3955 1128 4049 steriles,
1155 3955 1246 4047 qul.
