2800 4567
268 258 729 360 romagnanum
762 259 1042 340 non..xvr..
1109 273 1180 380 aaa
1272 221 1275 226 ’

109 421 211 495 viam
235 420 342 496 adsita
363 417 522 513 iuueuit,'
536 426 599 518 uiss
610 423 698 516 solia
717 439 872 520 tantum3
905 423 1065 516 idcirce,
1092 446 1176 503 cum

108 519 211 594 secut
235 524 332 598 viam
355 521 442 600 eliet
465 522 630 614 quidem,
656 521 716 596 sed
743 521 830 596 folia
851 538 1013 615 tanturn,
1040 538 1077 596 at
1101 525 1175 600 fine

108 618 230 693 fructu
244 621 414 713 haberet,
440 622 568 713 quibus
584 624 669 693 vita
683 620 980 718 significationem
999 624 1112 718 daret,
1135 625 1175 700 id

101 721 221 800 ,dixin
247 725 427 816 Nunquam
449 748 488 791 ex
502 739 539 792 te
553 721 688 814 frustror
705 724 862 812 ¹nascatur
884 730 922 792 in
935 723 1172 819 limpitemum.

110 821 292 913 Quamdiu
314 839 403 915 ergo
430 821 474 893 ad
495 818 604 896 ficum
629 841 708 894 nou
730 821 889 912 accedit,
924 841 992 894 nec
1016 821 1172 900 fruitum

110 921 188 1010 ejus
211 920 325 992 adhuc
344 920 513 1010 requirit,
539 918 597 993 sed
616 921 698 994 dum
718 919 868 996 fructum
884 920 976 993 serat
992 919 1096 1015 ficus,
1109 945 1171 1014 pa·
1193 963 1196 972 ·

109 1020 243 1098 tienter
262 1018 445 1109 expetnt,
465 1040 541 1092 non
561 1020 708 1112 arescit;
735 1035 771 1094 at
791 1042 870 1095 eum
886 1021 1087 1116 advenerit,
1107 1024 1170 1114 qui

107 1115 246 1190 fructus
261 1116 404 1190 nostros
420 1121 575 1212 appetit,
603 1117 751 1195 sisoium
769 1116 852 1194 fidei
869 1121 1170 1215 pollicitationem

108 1219 244 1306 absque
265 1214 434 1291 fructibus
458 1220 595 1308 habere,
609 1219 855 1310 inveniamur,
881 1218 1068 1294 confestim
1085 1243 1169 1295 exa·

105 1313 304 1407 rescemus,
329 1315 444 1390 amissa
461 1317 567 1392 etiam
583 1340 645 1402 ea,
672 1338 777 1410 quam
794 1320 900 1392 nobis
918 1314 1001 1392 fidei
1019 1323 1169 1410 nomine

107 1434 380 1508 pepereramus,
406 1414 678 1490 existimatione.
738 1415 795 1489 Ac
812 1418 985 1509 ejusmodi
1000 1419 1167 1494 homines

104 1514 263 1607 reperire
280 1518 387 1606 licet,
415 1517 474 1606 qui
497 1513 653 1589 fidelium
672 1535 807 1590 nomen
825 1517 884 1588 diu
904 1515 1104 1613 gesserunt,
1131 1521 1168 1593 da

105 1616 237 1687 vivere
260 1611 294 1688 se
317 1615 420 1709 srguie
447 1617 802 1708 comprobaverunt,
829 1629 866 1687 at
884 1617 970 1708 aridi
986 1618 1167 1693 nihilomi-

102 1733 171 1786 uus
189 1714 339 1788 omuino
358 1712 453 1786 sunt:
480 1735 571 1808 quos
589 1737 609 1786 a
626 1715 696 1786 Dei
710 1715 839 1787 Verbo
856 1717 997 1809 penitus
1015 1716 1167 1792 recellis·

99 1812 139 1887 se
161 1805 382 1890 &eiraruille
402 1815 528 1886 videre
541 1811 605 1902 est,
613 1815 710 1904 quod
726 1813 876 1887 truttam
896 1836 971 1887 non
987 1817 1165 1894 dederint.

95 1910 190 1986 Hoc
210 1909 291 1985 sane
305 1915 392 1985 loco
408 1910 580 1986 exarescit
595 1909 699 2002 ficus,
721 1933 797 2003 que
813 1913 979 1987 esurienti
994 1914 1077 2010 Jelu
1092 1914 1166 1987 sru-
1192 1916 1194 1921 ’

92 2009 197 2088 dium
217 2031 293 2084 non
313 2012 411 2084 dedit
418 2040 430 2098 3
456 2014 523 2085 alia
538 2029 657 2086 autem
674 2011 806 2087 succidi
821 2015 993 2106 iubetur,
1018 2033 1065 2087 ne
1092 2030 1165 2102 ter·

86 2132 177 2186 sam
204 2125 373 2202 occupet.
430 2111 526 2185 Tum
546 2132 658 2203 vero,
686 2133 768 2184 cum
793 2111 983 2186 arefactum
1010 2114 1163 2203 aliquem

88 2210 260 2284 viderint
275 2209 447 2305 discipuli,
463 2210 648 2303 postquam
665 2212 793 2285 vivere
809 2210 844 2286 se
859 2208 1084 2308 significauit,
1098 2216 1164 2286 mi·
1241 2250 1244 2256 ·

85 2325 225 2384 rantur
245 2310 425 2400 dieentes:
449 2313 605 2404 Quomodo
621 2316 768 2383 continuo
782 2316 873 2384 aruir
886 2305 997 2401 ficus?
1021 2309 1060 2385 ld
1074 2334 1161 2404 prae·

87 2427 201 2486 terea
220 2409 352 2484 certius
370 2409 642 2505 cognoscemus,
656 2411 681 2484 ri
696 2411 890 2502 unicuique
905 2412 972 2500 rei,
988 2431 1163 2503 quaecum·

89 2529 170 2603 que
188 2509 421 2582 continentur
433 2511 507 2583 hoc
525 2512 634 2603 loco,
658 2511 830 2606 sigillatim
847 2515 1101 2603 aptaverimus,
1111 2526 1164 2586 at-

85 2607 306 2702 tendentes,
316 2628 389 2699 quo
403 2607 508 2701 patio
526 2610 839 2684 intentationibus
858 2608 990 2683 frutlua
1005 2609 1164 2701 postulat

92 2705 219 2806 Jesua;
246 2708 282 2780 in
298 2707 571 2800 persecutione,
588 2711 692 2780 verbi
709 2710 840 2803 gratia,
857 2708 1111 2784 confellionem
1124 2710 1160 2784 dt

87 2808 327 2898 martyrium
355 2826 435 2892 cum
463 2808 614 2896 aliquem
641 2809 766 2880 mulier
783 2808 942 2899 deperit,
971 2809 1161 2882 coutinen-

90 2910 183 2988 tiam
196 2903 341 3000 Josephi
357 2906 390 2978 dr
405 2905 622 2993 castitatem3
648 2907 682 2980 u
699 2907 736 2979 in
751 2906 891 3001 fingulis
910 2908 1033 2980 itidem
1048 2921 1170 2984 tenta.

91 3005 257 3080 tionibus
275 2993 533 3101 congruentem
552 3007 584 3080 ei
598 3004 763 3080 fructum.
790 3007 864 3103 Qui
882 3019 999 3080 autem
1017 3006 1061 3078 ad
1077 3006 1162 3079 dan·

91 3107 178 3188 dam
195 3101 276 3199 Jesu
293 3103 481 3195 esurienti,
507 3104 542 3177 dr
563 3103 606 3178 ad
620 3105 654 3178 se
671 3105 880 3180 adventanti
901 3103 1160 3182 conselliouem

92 3206 158 3278 vel
174 3206 434 3278 continentiam
456 3203 491 3277 se
507 3225 584 3278 non
598 3207 775 3300 accingit,
803 3201 928 3291 arescit
947 3203 1157 3293 confestim

91 3325 177 3381 nam
194 3306 254 3396 qui
269 3299 376 3378 fidem
394 3305 568 3397 ejuravit,
594 3307 737 3394 arescit,
764 3303 861 3376 ita&
879 3305 937 3395 qui
958 3302 1157 3380 fornicatus

92 3403 170 3496 est,
196 3403 328 3478 etiamss
348 3419 430 3478 ante
454 3406 696 3478 tentationum
718 3419 859 3495 tempus
881 3406 966 3475 vitae
987 3401 1160 3499 fignifica-¹
1252 3411 1255 3418 '

92 3506 233 3594 tionem
249 3502 368 3594 daret,
394 3501 428 3575 dr
445 3502 539 3595 quasr
554 3500 645 3580 ficut
657 3501 754 3575 foliis
770 3502 915 3575 indutus
932 3501 1029 3576 ellet.
1055 3499 1157 3594 Ejus-

91 3602 195 3692 modi
209 3621 302 3676 veto
317 3604 425 3677 rebus
441 3600 694 3696 obstupescunt
711 3600 890 3695 discipuli,
917 3605 977 3692 qui
999 3600 1155 3677 esuriens

91 3701 215 3800 Jeflts,
241 3700 446 3776 &fructum
463 3722 623 3792 querens
642 3699 847 3794 accesserit,
874 3722 992 3792 eoque
1008 3721 1083 3775 non
1101 3702 1154 3787 in,-

91 3816 211 3878 vento
234 3799 350 3876 statim
374 3800 528 3892 dixerit,
556 3799 589 3874 u
615 3799 745 3874 saelum
768 3787 958 3891 fueritpu
981 3799 1165 3872 adseren·

93 3903 179 3984 dum
195 3897 349 3975 studium
363 3901 572 3992 neutiquam
578 3917 703 4000 parata
715 3897 804 3974 licus
817 3901 996 3998 contiuuo
1008 3900 1152 3975 aruerit.

141 4005 289 4098 miggius
309 4003 400 4076 Tam.
417 4001 488 4076 xl.
556 4002 563 4014 ”
697 3995 759 4076 Bb
1015 3996 1108 4076 Cum
