2800 4567
284 293 362 372 -ru
387 291 756 370 morannum
779 291 900 371 non.
926 293 1018 372 xit.
1117 318 1186 392 ψ

131 462 209 554 dit,
233 478 303 555 pro
322 479 389 546 eo,
410 457 512 547 'quod
529 467 614 528 toto
628 455 686 528 die
701 455 878 547 patienter
895 454 1070 549 steterint,
1097 455 1193 532 &ad

130 562 319 655 vesperam
334 556 442 647 usque
452 554 714 634 ¹condusiorem
729 556 1004 648 expesiaverint.
1048 557 1191 633 Deinde

131 682 228 735 vero
256 679 336 731 cum
358 653 559 749 appetiisset
584 653 754 748 vespera,
788 656 860 728 hoc
882 655 953 746 est,
987 654 1121 748 saeculi,
1156 656 1191 729 dt

134 757 408 835 commemorati
431 758 466 828 in
483 755 651 848 parabola
673 754 743 838 diei
760 755 1037 846 consummatio,
1062 775 1192 848 procu·

132 861 250 934 satori
267 854 330 929 suo
347 858 395 927 ait
411 855 607 954 Dominus,
633 852 707 925 save
723 855 824 926 alicui
843 876 889 928 ex
905 855 1036 949 angelis
1056 875 1192 927 merce·

136 960 221 1034 dum
241 954 488 1050 dispensationi
505 949 695 1048 praesesio,
712 951 784 1027 sive
799 955 861 1026 uni
880 954 1030 1046 cuipiam
1046 955 1089 1026 de
1103 952 1192 1027 mul·

135 1061 184 1131 tis
210 1053 476 1149 dispensationis
492 1072 621 1152 ¹curam
647 1054 851 1145 gerentibus
878 1054 1191 1146 procuratoribus,

136 1154 433 1252 quemadmodum
457 1151 713 1225 subtutoribus
730 1151 953 1236 densioribus
974 1150 1042 1226 eise
1061 1154 1191 1225 dicitur

134 1257 267 1346 haeres,
296 1253 460 1343 qtramdiu
478 1252 645 1342 parvulus
665 1247 726 1325 est.
785 1249 840 1323 Ex
857 1250 1110 1344 patrisfamilias
1128 1254 1193 1348 igi·

123 1357 200 1428 ”tur
223 1353 392 1426 mandato
418 1352 604 1442 operarios
631 1348 778 1423 accersit
803 1366 1037 1443 procurator,
1065 1369 1105 1426 ut
1129 1373 1196 1445 po·

125 1454 272 1527 memo
296 1454 383 1523 loco
407 1449 687 1543 primia-merces
713 1463 904 1544 erogeturt
934 1452 1036 1543 primi
1062 1456 1195 1545 quippe

137 1551 295 1646 operarii
311 1551 565 1647 tessimuuiejidei
571 1548 694 1644 probari
714 1575 779 1618 nen
795 1569 975 1646 acceperunt
989 1553 1193 1647 repromissae·

135 1677 228 1740 uem,
258 1657 324 1722 Deo
334 1671 391 1746 pm
404 1652 512 1735 neiis,
538 1650 597 1739 qui
612 1647 701 1721 hora
718 1649 904 1723 undecima
919 1652 1042 1726 vocati
1062 1649 1194 1747 sumus,

136 1754 247 1824 melier
265 1751 385 1847 aliquid
399 1751 602 1844 providente,
628 1765 667 1817 ut
686 1772 752 1818 men
763 1750 829 1842 sure
846 1752 934 1820 nobis
948 1754 1194 1843 consummeren-

137 1869 207 1926 tur.
259 1844 308 1921 Et
328 1849 426 1940 quod
451 1861 535 1920 toto
561 1847 617 1920 die
638 1846 854 1940 steterimus,
881 1848 915 1922 dr
938 1850 1196 1929 condttsiorem

139 1951 184 2026 ad
201 1968 270 2024 nos
287 1951 413 2021 venire
430 1945 697 2039 optaverimus,
724 1946 757 2020 u
776 1948 880 2021 otiosi
895 1948 1076 2043 fuerimus,
1096 1954 1198 2028 &da-

139 2065 177 2125 ta
192 2043 423 2124 excusatione
439 2045 533 2143 digni
553 2044 663 2118 habiti
676 2043 800 2139 smus,
822 2050 948 2137 quibus
960 2071 1052 2143 opus
1067 2051 1199 2128 sacien-

139 2151 225 2224 dum
248 2143 467 2236 traderetur,
494 2153 687 2236 propterea
702 2143 975 2222 misericordiam
996 2154 1198 2226 commovi·

126 2269 239 2340 mus,
267 2268 334 2337 qua
349 2259 546 2336 commota,
554 2244 756 2317 mercedem
772 2245 893 2336 priore
908 2251 994 2320 ioco
1012 2271 1079 2322 nos
1096 2250 1196 2326 Chri·

139 2349 180 2422 iii
208 2342 396 2438 discipuios
423 2344 615 2437 adepturos
642 2340 835 2436 speramus:
862 2359 936 2420 tttm
962 2348 1090 2422 deinde
1114 2372 1202 2445 pro·

140 2445 312 2547 gressione
327 2441 436 2534 sasia,
462 2441 664 2517 mercedem
680 2443 722 2515 iis
738 2444 925 2541 largietur,
952 2450 1019 2538 qui·
1030 2471 1121 2542 opus
1138 2472 1199 2524 an·

140 2561 179 2620 te
198 2566 267 2618 nos
283 2545 455 2626 fecerint,
481 2558 588 2634 atque
601 2543 651 2615 eis
668 2544 915 2637 postmodum,
942 2552 1000 2639 qui
1017 2552 1098 2624 iilos
1114 2573 1202 2644 pree·

142 2643 331 2733 cesserint,
359 2643 397 2728 dt„
409 2641 456 2715 src
471 2645 589 2715 donec
604 2643 645 2714 ad
668 2645 801 2734 primos
816 2652 1034 2739 pervenerit.
1068 2651 1102 2720 Si
1120 2652 1198 2740 quia

129 2761 260 2818 autem
275 2745 417 2830 iocum,
444 2746 566 2832 inquo
583 2746 872 2815 commorabatur
889 2744 1042 2836 Samuel,
1060 2751 1199 2842 perspe-

142 2844 236 2918 &um
260 2844 441 2930 habuerit,
469 2842 561 2912 &ea
581 2838 729 2925 deinde,
757 2862 834 2932 quae
857 2847 899 2916 ad
923 2849 1111 2920 accersitos
1135 2871 1198 2922 un·

142 2946 281 3018 decima
305 2943 396 3014 hora
422 2941 607 3031 operarios
634 2940 836 3031 pertinent,
868 2944 921 3015 his
941 2946 1201 3037 consequenter

129 3042 395 3137 perpenderit3
421 3053 494 3112 tum
510 3038 650 3111 demum
666 3040 803 3112 uidebit
819 3042 972 3133 iiie,quo
990 3045 1199 3141 padio'pon·

142 3144 208 3216 due
226 3139 342 3218 diei&
362 3139 479 3211 aestum
498 3140 747 3212 toleraverunt
766 3142 885 3232 primi:
913 3160 948 3215 at
960 3145 1018 3235 qui
1029 3148 1121 3218 circa
1134 3166 1199 3222 un·

128 3243 314 3316 'decimam
330 3239 487 3310 accessui
507 3237 604 3326 sunt,
631 3259 708 3310 non
723 3239 811 3311 sicut
829 3241 877 3312 ilii
895 3244 1033 3334 quidem
1050 3247 1199 3337 pondus

137 3341 212 3414 diei
229 3341 263 3410 &-
278 3337 394 3410 aestum
414 3338 669 3426 sustinuerunt3
697 3353 735 3410 at
752 3341 892 3431 pondus
904 3343 1005 3435 iilud,
1021 3343 1055 3417 se
1071 3367 1200 3439 nempe

141 3436 284 3519 otiosos
292 3435 432 3528 stetisse,
445 3433 692 3510 sustinuerunt.
743 3444 944 3530 Antequam
964 3465 1049 3539 ergo
1068 3445 1110 3517 ad
1131 3465 1201 3520 nos

129 3532 339 3613 'advenisset
361 3536 561 3625 Dominus,
587 3536 647 3625 qui
672 3537 777 3611 nobis
803 3540 909 3613 dixit:
930 3628 933 3633 ,
951 3547 1066 3620 Venire
1087 3549 1128 3616 ad
1150 3569 1196 3617 ne

141 3662 269 3721 emme,
294 3642 352 3733 qui
371 3639 521 3707 lebraria
542 3634 580 3710 o
603 3644 728 3707 onerari
746 3639 832 3729 essia,
855 3647 893 3714 U
910 3665 958 3733 ege
974 3643 1109 3733 rejicient
1126 3665 1201 3729 aust

143 3735 376 3835 (onuaenim
397 3751 477 3808 erat
495 3735 622 3826 otiari,
651 3755 720 3809 nec
747 3737 875 3833 dignos
901 3739 1032 3833 uspiam
1055 3742 1203 3831 censeri,

131 3843 162 3910 ‘a
187 3838 315 3930 quibus
340 3835 377 3906 in
404 3835 604 3908 excolenda
633 3837 737 3909 vinea
763 3841 1101 3930 opus'conferatur.
1137 3839 1204 3915 'Et

133 3937 259 4015 'ztan
273 3934 424 4031 ¹quidem
448 3934 787 4033 dieiuuuequisque
807 3957 875 4034 pro
900 3943 1106 4020 necationis
1134 3939 1203 4016 sate

212 4077 215 4082 ·
384 4090 387 4095 -
915 4095 917 4100 .
1047 4041 1169 4116 sasso·
