2800 4567
281 336 346 413 IN
371 317 756 410 MATTHAEUM
778 333 898 409 Tou.
925 332 1059 410 XVII.
1117 328 1201 430 473'

129 502 206 577 trio
224 499 355 574 ducere
370 518 446 571 non
462 497 590 590 liceat,
618 497 650 568 ἂ
668 500 838 570 tributum
859 496 1003 581 minime
1019 496 1188 591 pendere.
1235 544 1238 560 ι

129 598 264 676 Fertur
283 613 399 674 autem
416 596 573 670 docuisse
594 597 701 690 Judar
725 596 910 690 Galilaeus,
938 600 1036 687 cuius
1053 599 1089 669 in
1106 617 1193 689 apo·

129 701 308 774 stolorum
333 696 430 769 uelis
445 705 666 770 'mentionem
690 696 777 768 facit
792 698 928 786 Lucas,
957 698 998 767 ad
1023 695 1193 769 defedtio-

130 820 217 874 nem
240 796 384 891 impulsa
403 797 537 892 ingenti
563 796 767 891 Judaeorum
789 795 1036 887 multitudine,
1064 795 1191 869 Caesari

130 918 355 990 nequaquam
377 896 621 989 pensitandum
645 893 714 968 esse
734 893 904 992 vestigal,
931 916 1049 985 neque
1067 896 1193 968 Domi·

129 1020 219 1071 num
235 1001 331 1070 hunc
346 996 606 1089 appellandum.
656 997 776 1086 Atqui
787 1009 874 1068 tunc
887 992 1192 1085 praeeratTetrar·

132 1100 202 1171 cha
224 1099 363 1188 populo
388 1093 597 1190 persuadere
624 1097 849 1186 conabatur,
869 1092 1046 1185 'praesenti
1071 1113 1191 1192 rerum

130 1197 237 1270 statui
259 1194 329 1268 sese
350 1209 393 1265 ut
414 1192 732 1286 accommodaret,
754 1216 826 1266 nec
845 1194 1086 1267 voluntarium
1105 1214 1192 1266 con-

130 1296 425 1387 trapotentiores
442 1296 574 1366 bellum
590 1292 801 1385 susciperet,
828 1295 862 1365 dc
875 1291 1057 1387 vedligalia
1076 1292 1193 1366 solve·

130 1409 202 1469 ret.
254 1393 309 1465 Ac
334 1396 416 1465 talia
433 1394 573 1484 quidem
590 1392 751 1484 prasenti
767 1393 883 1465 hocce
906 1393 1082 1488 evangelii
1102 1394 1191 1465 loco

132 1515 211 1570 non
235 1509 356 1586 aperte
380 1495 625 1580 declarantur3
654 1507 689 1563 at
710 1495 768 1583 qui
791 1492 973 1586 proposrta
998 1507 1191 1566 contextus

131 1596 246 1667 verba
263 1605 428 1664 accurate
444 1594 632 1683 explorare
649 1594 825 1683 valuerit,
852 1594 927 1664 haec
944 1592 992 1665 ita
1009 1590 1043 1663 se
1059 1593 1192 1666 habere

131 1694 240 1767 facile
256 1692 339 1764 inde
356 1694 564 1784 comperiet.
615 1688 709 1765 Cum
733 1694 826 1765 enim
843 1690 958 1784 Jesum
977 1692 1012 1761 in
1030 1688 1198 1772 sermone

131 1793 324 1883 illaqueare
348 1793 487 1863 vellent
508 1788 695 1882 Pharisaei,
729 1790 830 1865 miffis
848 1793 890 1862 ad
911 1811 991 1862 eum
1016 1788 1193 1883 discipulis

131 1890 202 1966 suia
220 1912 300 1965 cum
320 1888 566 1977 Herodianis,
592 1904 633 1961 ut
659 1893 703 1963 ab
727 1910 773 1962 eo
795 1889 1082 1979 sciscitarentur,
1108 1892 1194 1963 lice·

131 2002 238 2063 retne
261 1992 400 2063 censum
427 1990 509 2061 dare
529 1985 673 2077 Caesari,
710 2009 857 2081 annon,
884 1991 1095 2078 illaqueandi
1115 1992 1192 2081 ejus

132 2092 256 2164 locum
273 2090 416 2162 minime
429 2081 647 2176 habuissent,
673 2087 697 2161 sr
714 2088 867 2161 dandum
885 2108 965 2161 eum
980 2086 1047 2159 esse
1056 2090 1093 2159 in
1106 2111 1194 2162 con·
1255 2131 1257 2136 ·

94 2253 97 2258 .
131 2186 223 2263 fello
249 2186 392 2280 fuisset,
419 2189 479 2261 vel
503 2189 527 2260 st
546 2188 699 2261 dandum
722 2208 799 2292 non
816 2188 885 2262 esle
902 2207 1028 2261 omnes
1045 2189 1193 2265 consen·

131 2287 261 2364 sallent.
576 2343 579 2348 .
754 2335 764 2343 -
1134 2315 1139 2326 ’

211 2390 266 2460 26.
292 2385 344 2458 At
366 2385 477 2478 vide,
502 2407 629 2462 annon·
648 2388 709 2460 vel
734 2408 779 2460 ex
799 2405 846 2459 eo
868 2383 1023 2461 historiae
1045 2388 1195 2481 hujusce
1291 2397 1295 2404 “

133 2488 270 2560 veritas
295 2485 498 2568 elucescat,
524 2488 725 2578 quodcum
741 2487 856 2582 Jesum
873 2488 910 2560 in
934 2487 1096 2562 sermone
1120 2492 1196 2561 illa·

136 2607 269 2676 queare
284 2584 607 2678 vellentPharisaei,
634 2608 709 2659 non
726 2587 915 2679 discipulos
925 2588 1095 2661 duntaxat
1112 2587 1195 2662 suos

136 2689 182 2759 de
210 2683 314 2757 censu
342 2686 520 2774 quaesrtum
545 2684 729 2766 miserint,
767 2684 826 2758 sed
850 2705 931 2759 curn
965 2688 1194 2764 Herodianis.

137 2785 228 2857 Veri
253 2785 382 2879 quippe
397 2784 504 2858 simile
527 2784 605 2875 est,
633 2787 693 2877 qui
709 2786 881 2863 tributum
908 2784 1032 2859 Caesari
1053 2789 1194 2880 populo

136 2885 245 2980 pendi
267 2887 429 2974 vellent,
464 2884 694 2973 Herodianos
719 2886 761 2957 ab
785 2886 826 2955 iis
850 2883 950 2956 futile
974 2889 1195 2979 appellator,

136 2986 198 3076 qui
225 2983 260 3055 id
279 3003 506 3074 ,nequaquam
530 2984 733 3058 faciendum
759 2982 828 3056 eise
853 2982 1065 3058 statuebant.
1120 2986 1196 3083 Qui

138 3097 257 3156 autem
268 3084 447 3154 'libertatis
464 3083 579 3177 specie
596 3083 713 3177 ducti,
740 3085 928 3180 quominuq
947 3084 1096 3181 vestigal
1121 3084 1195 3157 Cae-

136 3182 202 3256 sari
219 3182 473 3275 pensitaretur,
490 3183 751 3275 impediebant,
767 3186 791 3256 ii
806 3183 907 3256 fuisse
925 3185 1093 3258 videntur
1107 3184 1196 3258 Pha·

127 3280 226 3353 -risaei
260 3281 463 3374 Judaeorum
497 3282 693 3374 disciplinas
727 3284 923 3356 accuratius
954 3287 1121 3359 rimantes
1153 3306 1195 3358 ac

138 3395 296 3470 tuentes.
348 3381 460 3476 Quod
484 3382 508 3455 sr
524 3385 599 3473 quis
615 3384 691 3455 haec
713 3404 931 3474 nequaquam
948 3384 997 3455 ita
1014 3383 1048 3456 se
1063 3385 1196 3459 habere

141 3479 291 3572 censat,
316 3480 352 3550 id
376 3483 531 3574 explicet
554 3502 594 3553 ac
617 3483 810 3575 conciliet,
838 3502 983 3557 curnam
1004 3486 1195 3575 illaqueare

139 3600 222 3652 eum
245 3581 282 3649 in
305 3578 467 3655 sermone
488 3583 684 3673 volentes,
711 3579 792 3653 suos
810 3580 1021 3675 discipulos,
1047 3604 1194 3658 necnon

141 3682 176 3754 dc
191 3678 443 3769 Herodiauoa',
470 3680 514 3753 de
532 3681 636 3752 censu
647 3681 850 3772 quaesituros
867 3687 1011 3755 mittant
1023 3682 1194 3756 Pharisaei.

137 3778 224 3851 Sive
241 3782 333 3850 enim
352 3778 503 3854 dandum
521 3779 590 3852 else
606 3781 777 3853 tributum
795 3779 917 3853 Caesari
935 3782 1096 3857 sanxisset
1109 3783 1196 3855 'Ser-

138 3893 268 3969 vator,
294 3877 368 3950 stve
379 3898 478 3971 non,
505 3881 703 3971 cujusmodi
718 3880 747 3952 is
762 3880 878 3956 fuisset
893 3884 1037 3975 laqueus
1053 3879 1195 3977 respou-

137 3977 229 4053 sroni
248 3980 320 4071 ejus
330 3980 544 4072 praetensum
571 3978 655 4151 υἱέι,
670 3983 721 4052 ita
735 3996 777 4054 ut
789 3982 961 4080 diximus,
977 3983 1197 4078 impediente

233 4118 236 4123 ·
650 4091 717 4181 gg
1089 4102 1173 4161 eo,
