2800 4567
326 261 790 349 romanianum
822 263 1062 353 nonar.
1165 290 1245 377 ψ,
1323 286 1325 290 ·

170 432 319 530 quidem
335 454 376 507 ac
391 445 586 532 contextus
601 431 744 506 ratione
760 431 879 506 habita
926 431 1147 527 perspicuum
1170 429 1223 507 est
1287 427 1289 436 '

172 536 310 610 multos
337 531 539 606 Servatoris
562 529 674 604 nostri
694 523 800 604 fidem
816 483 992 625 prosessos
1014 520 1237 628 propinquo{

173 633 254 705 r'um
276 633 397 706 odium
418 629 487 704 essa
505 628 650 720 nastoa3
675 627 841 722 ipsosque
863 621 1046 725 deserere,
1077 632 1237 729 &facul

175 736 309 804 tatibus
326 729 391 804 suia
407 730 572 804 omnibus
589 728 630 801 ad
645 727 729 801 vitae
743 746 883 802 aeternae
895 728 1150 824 adipiscendam
1167 732 1229 811 hae,

139 821 363 906 'reditatom
387 830 549 903 abdicare
576 826 609 907 sc
633 826 805 917 voluille;
838 830 874 901 id
892 828 1087 924 persuasum
1102 817 1235 906 haban*

175 943 254 1012 tes,
281 931 499 1023 *quicumque
524 925 605 1001 suoi
629 925 821 1003 secundum
843 947 984 1004 carnem
1008 929 1158 1023 fratres,
1192 925 1242 1004 δι’

174 1028 255 1102 solo
272 1049 429 1124 torpore
446 1041 615 1122 cognatas
637 1023 801 1119 sorores,
829 1047 1074 1123 corporumve
1096 1029 1237 1126 genito·
1307 1033 1310 1037 ’

172 1147 254 1221 rea,
281 1128 442 1202 &carnia
459 1125 574 1216 lilios,
602 1147 644 1199 ac
666 1125 753 1199 sitos
777 1126 813 1200 in
838 1127 905 1201 hac
924 1128 1116 1202 execrabili
1139 1143 1236 1203 terra

174 1247 301 1326 agros,
329 1225 363 1300 ot
379 1229 527 1319 domos,
553 1245 629 1298 non
645 1224 788 1298 alterius
803 1227 962 1319 cujusvis
980 1230 1030 1302 rei
1048 1228 1163 1321 causa,
1177 1227 1237 1303 sed

164 1319 326 1423 jpffipter
343 1319 457 1400 solum
469 1321 548 1419 Jesu
563 1343 696 1399 noman
711 1324 914 1416 reliquerit,
939 1330 1050 1422 longe
1064 1329 1164 1420 plura
1180 1345 1236 1401 re·

174 1442 373 1518 ceptorum.
425 1425 486 1497 Ma
513 1444 561 1496 no
579 1407 674 1497 enim
687 1443 861 1519 numero,
889 1426 943 1519 or,
964 1426 1051 1499 srita
1065 1429 1165 1519 loqui
1182 1426 1235 1502 saa

161 1523 244 1628 hest,
271 1522 416 1597 infinito
445 1446 692 1620 affairifilibua
711 1526 920 1616 ,corporalia
945 1524 1174 1620 superantur,
1201 1527 1237 1601 ot

170 1640 430 1720 preterquam,
456 1623 552 1715 quod
573 1624 676 1716 plura
691 1624 861 1717 recipiet,
887 1624 930 1696 ad
950 1638 1138 1718 aternam,
1157 1642 1235 1701 non

174 1723 344 1798 caducam
368 1719 401 1793 ot
422 1724 671 1815 temporariam
691 1721 888 1815 proueilus
912 1724 1045 1817 uitam,
1071 1745 1147 1798 eam
1166 1724 1234 1798 hae·

162 1813 328 1922 ‚reditate
349 1818 535 1896 sortietur:
561 1825 669 1918 longe
682 1822 802 1914 plures
821 1824 913 1895 enim
931 1823 1058 1896 fratres
1078 1845 1118 1896 ac
1136 1823 1236 1899 soro·

173 1943 256 2014 ras,
285 1939 387 2014 quam
404 1922 462 2011 qui
478 1934 629 2013 propter
645 1920 798 1995 verbum
816 1919 888 1994 Dei
906 1921 1019 1996 relisii
1035 1922 1115 2015 sant,
1135 1940 1235 1999 com·

173 2041 375 2098 memorare
401 2019 506 2093 facile
528 2018 601 2092 est:
637 2020 673 2091 in
699 2020 774 2093 hoc
798 2020 930 2113 quippe
955 2021 1091 2097 mundo
1117 2026 1235 2102 multo
1273 2073 1276 2078 -

167 2123 296 2216 ,plures
317 2118 395 2193 sunt
409 2118 536 2191 fratres
554 2116 744 2193 secundum
761 2111 890 2209 iidem,
918 2140 1134 2213 quamquos
1155 2126 1235 2198 rell·

173 2234 350 2312 querunt,
377 2221 436 2310 qui
453 2212 559 2292 fidem
576 2220 729 2312 amplexi
745 2216 841 2307 sunt3
866 2220 1131 2315 irreprehensos
1146 2223 1237 2297 fimi·

170 2315 257 2394 litat
282 2315 470 2411 episcopos
497 2337 623 2392 omnes
651 2315 943 2410 &presbyteros
964 2319 1167 2412 inculpatos
1193 2316 1246 2396 in'

170 2434 340 2514 parentes
355 2417 416 2491 sibi
432 2413 569 2490 assumit
587 2417 779 2511 quispiam,
797 2415 873 2514 ¹pro
890 2419 1031 2493 duobus
1049 2419 1131 2512 illis,
1140 2436 1233 2513 quoa

176 2515 355 2603 deseruit;
380 2531 422 2588 ac
442 2515 478 2589 in
496 2517 630 2588 liberos
650 2516 795 2611 itidem,
822 2520 1035 2612 quicumque
1050 2519 1117 2593 hac
1130 2533 1237 2594 atate

173 2615 278 2709 sunt,
315 2630 357 2687 ut
383 2605 449 2710 pro
473 2616 645 2689 liberiah
717 2618 745 2687 ri
770 2632 912 2708 queant.
971 2620 1023 2692 At
1046 2621 1234 2711 quomodo

175 2712 607 2812 agrorum,doprorumve
622 2716 656 2806 pl
703 2719 774 2794 um
794 2716 1036 2793 haereditatem
1050 2719 1161 2792 adibit
1176 2717 1237 2792 ali·

173 2813 273 2908 quis,
302 2835 405 2906 quam
424 2835 443 2887 a
462 2812 496 2887 se
509 2812 628 2886 relisla
648 2811 748 2904 sunt,
775 2815 1014 2890 demonstrare
1030 2835 1104 2891 non
1118 2819 1235 2911 perin-

160 2915 221 3020 ⁸tie
241 2914 408 3009 proclive
427 2908 496 3005 est,
518 2913 578 2988 nist
599 2908 839 3004 quis-sortasse
859 2917 931 2988 vim
953 2908 1127 3007 afferens,
1155 2919 1234 2992 bre·

161 3034 260 3116 ¹uem
273 3012 325 3087 rei
341 3006 502 3106 proferat
518 3009 794 3105 expolitionem,
811 3015 909 3104 quod
924 3009 1029 3088 facile
1043 3028 1143 3089 certe
1157 3034 1234 3093 non

146 3113 246 3202 ''est;
281 3114 369 3208 agria
395 3123 511 3185 autem
535 3132 575 3184 ac
600 3109 766 3186 domibus
786 3116 822 3183 in
848 3113 1077 3285 allepuricum
1098 3108 1233 3195 sensum

162 3207 281 3288 'semel
301 3214 474 3303 detortis,
501 3210 681 3303 superiora
702 3227 848 3302 quoque
866 3208 901 3286 in
932 3215 1125 3289 ententiam
1144 3234 1234 3293 con·

165 3307 298 3388 'sonam
319 3305 464 3384 flectere
484 3325 646 3405 cogetur.
697 3304 754 3382 Ea
774 3314 815 3383 iia
837 3325 948 3407 ergo,
975 3317 1034 3406 qui
1055 3317 1232 3405 mensuram

174 3419 283 3486 atatis
300 3406 415 3508 cquii
433 3406 618 3483 consecuti
638 3408 738 3500 sunt,
764 3412 977 3503 quicumque
993 3428 1232 3493 occurrerunt

175 3517 214 3585 in
237 3516 350 3583 uirum
367 3504 559 3607 perpetium,
591 3511 628 3582 ln
653 3503 773 3582 saonis
795 3526 837 3583 ac
859 3507 974 3585 beatis
996 3513 1232 3607 potestatibus

167 3611 306 3698 ,iratres
333 3610 466 3704 opinor
488 3605 539 3681 illi
563 3598 660 3697 sunu
687 3601 829 3682 sorores·
848 3624 988 3703 autem,
1016 3608 1232 3711 quicumque

175 3727 255 3786 non
272 3722 317 3782 ert
332 3703 534 3783 hominibus
551 3700 683 3796 solum,
707 3697 765 3780 sod
786 3708 976 3803 &reliquia
994 3712 1230 3806 potestatibua

176 3812 285 3905 virgo
301 3807 394 3882 casta
407 3807 669 3881 exhibebuntur
687 3801 843 3882 Christo:
870 3824 1021 3885 eruntne
1038 3825 1154 3890 autent
1172 3836 1230 3909 pa·

177 3919 251 3992 tres
278 3906 384 3999 allqul
407 3903 517 4001 talea,
548 3921 677 3999 prater
698 3923 785 4011 eoa,
816 3908 1003 4000 dequibus
1023 3911 1230 3995 Abrahamo

231 4009 377 4103 orqmts
391 4112 393 4115 .
406 4009 492 4082 Tam.
523 4009 590 4081 XI.
857 4010 897 4108 Q
1139 4014 1195 4086 ali.
