2800 4567
285 257 348 335 IN
372 255 743 336 MATTHAEUM
768 253 889 334 Tou.
914 251 1027 330 XVI.
1129 256 1198 349 365

211 442 270 500 21.
294 421 407 496 Nunc
440 434 558 496 autem
591 419 790 495 conflarum
823 439 869 492 ex
889 419 996 492 'vivis
1023 417 1198 513 lapidibus

132 527 306 617 templum
326 522 505 596 ecclesiam
523 519 593 593 eise
612 519 795 610 existim0‚
822 523 859 590 in
875 540 987 610 eaque
1002 517 1200 591 nonnullos

133 621 231 715 effe,
259 625 317 714 qui
345 642 421 696 non
444 620 538 712 quasr
561 624 598 693 in
619 621 766 693 ecclesia
786 618 936 710 vivant,
963 618 1020 692 sed
1044 620 1136 709 quasi
1150 616 1199 706 se·

131 721 410 795 cundum'carnem
424 725 587 805 militentr
615 721 746 811 quique
768 720 944 791 orationis
970 740 1015 792 ex
1032 720 1128 792 vivis
1150 719 1199 791 la·

129 822 273 919 pidibus
298 817 534 898 construerem
561 821 706 894 domum
724 812 797 911 'per
818 817 912 891 suam
937 820 1130 909 nequitiam
1149 821 1201 892 la·
1252 849 1255 856 ·

135 917 284 996 tronum
298 919 501 1014 speluncam
513 918 663 993 faciant:
691 920 768 1010 quis
787 919 904 1011 enim,
918 920 1103 1008 qostquam
1117 937 1203 1010 pec·

135 1035 217 1095 cata
236 1023 274 1094 in
292 1020 448 1100 ecclesiia
469 1018 676 1111 quibusdam
701 1022 745 1091 ab
760 1019 802 1090 iis
818 1020 997 1093 commiiia
1013 1016 1204 1112 perspexe·¹
1316 1090 1329 1106 ,

132 1124 203 1213 rit,
235 1121 296 1211 qui
321 1122 470 1192 aliorum
495 1121 665 1212 pietatem
692 1116 859 1207 quaestum
885 1117 954 1192 effe
979 1117 1201 1209 existimant,
1300 1207 1302 1212 Ι

135 1241 292 1312 cumque
308 1240 354 1294 ex
370 1220 560 1314 evangelio
575 1216 709 1290 vidium
725 1232 849 1310 petere
863 1234 1052 1316 oporteat,
1070 1220 1106 1294 id
1125 1217 1201 1311 qui·

136 1321 221 1394 dem
232 1339 309 1393 non
324 1316 480 1396 faciunt,
506 1317 564 1393 sed
584 1318 741 1407 divitias,
757 1317 993 1414 ingentesque
1009 1319 1201 1394 facultate!

135 1434 361 1513 comparent,
370 1433 507 1500 tantum
519 1418 605 1490 illud
623 1417 781 1488 ecclesie
798 1417 1003 1508 mysterium
1019 1421 1206 1496 latronum

135 1517 337 1615 speluncam
355 1515 425 1590 effe
440 1516 569 1592 fadtum
585 1537 661 1590 non
675 1515 857 1588 fateatur?
884 1519 976 1592 adeo
996 1535 1037 1592 ut
1056 1521 1101 1594 de
1116 1538 1203 1612 pecs

135 1620 242 1705 cutia,
267 1618 432 1708 invivo,
459 1619 558 1708 quod
571 1614 644 1708 ipse
660 1615 873 1708 aedificavit,
900 1622 1037 1711 templu
1052 1619 1200 1694 edmiffia

136 1718 297 1812 apposite
318 1716 354 1789 id
379 1717 474 1789 dicat
496 1715 675 1807 Christus,
710 1717 808 1808 quod
829 1736 849 1789 e
873 1718 1011 1810 psalm-is
1033 1719 1204 1813 deprom-

134 1834 237 1914 ptum
254 1816 322 1890 est:
346 1820 427 1909 Qua
446 1818 576 1889 utilitas
594 1814 796 1909 insanguine
812 1840 891 1903 mro,
917 1821 990 1888 dum
1004 1821 1144 1908 descendo
1163 1823 1203 1892 ira

137 1913 390 2013 corruptionem?
418 1916 451 1988 dr
477 1915 576 2007 quod
602 1916 696 2010 apud
722 1915 835 2006 osee,
862 1920 898 1990 ni
924 1918 1050 2011 fallor,
1078 1933 1203 2012 extat,

135 2018 199 2091 ubi
214 2015 294 2112 Jesu
311 2016 523 2106 anima,vita
537 2029 786 2110 peccatorum,
803 2018 915 2106 quiin
932 2021 1069 2111 templo
1086 2021 1205 2094 nihilo

135 2120 256 2194 minua
281 2115 350 2192 effe
382 2116 552 2188 videntur
567 2163 590 2207 ,-
606 2113 778 2208 offensae
805 2119 873 2190 ait:
904 2113 973 2191 ·Vae
998 2121 1102 2200 mihi,
1127 2128 1205 2218 quia

132 2213 246 2312 fufius
262 2223 332 2306 Jum
344 2216 439 2311 ficut,
457 2222 516 2311 qui
534 2233 693 2308 magregar
706 2215 857 2312 stipulam
883 2221 920 2292 in
942 2216 1048 2310 ruffi,
1074 2219 1112 2296 Θ
1126 2223 1206 2315 ficut

138 2339 271 2390 racemos
288 2322 327 2389 in
343 2319 521 2409 vindemia,
531 2325 604 2394 :inm
617 2339 684 2386 non
691 2317 737 2411 fir
748 2319 836 2410 spica
856 2318 896 2388 ad
914 2323 1126 2392 comedendum
1135 2327 1205 2418 pri·

138 2423 269 2490 mirina.
324 2419 379 2492 Vae
399 2419 481 2487 mihi
499 2420 628 2503 anima,
653 2422 732 2512 quia
751 2421 864 2512 periit,
869 2421 945 2512 pius
969 2422 1005 2490 de
1027 2437 1139 2505 terra,
1163 2420 1205 2500 U

137 2536 204 2590 non
215 2517 254 2613 ιβ
272 2519 310 2588 in
321 2518 510 2602 bominibus,
520 2521 577 2612 qai
589 2515 799 2609 corrigam-„Si
813 2516 880 2590 hac
897 2539 1012 2611 porro
1027 2519 1108 2614 Jesu
1122 2541 1206 2596 ora·

138 2620 259 2708 tione,
270 2618 440 2709 quodque
454 2613 567 2708 lapsus
577 2614 719 2690 nostros
729 2614 865 2689 deflens
875 2617 1022 2693 dixerit:
1053 2624 1206 2698 Vmiiri

137 2724 260 2804 amma,
267 2715 479 2807 offenderis,
493 2733 575 2787 cum
594 2716 658 2788 his·
667 2716 865 2807 contende,
882 2737 959 2806 quae
974 2721 1151 2794 habentur
1166 2724 1208 2798 in

138 2837 232 2894 evan
258 2817 351 2907 elio,
377 2816 438 2887 ubi
453 2814 622 2906 scriptum
641 2813 714 2907 est,
739 2815 900 2884 videntem
930 2844 998 2888 eum
1028 2818 1207 2914 Jerusalem

132 2919 217 3019 flevi
241 2917 363 3011 esuper
379 2918 475 2998 illam,
492 2915 531 2989 d
550 2910 668 3005 dixiffe.
722 2914 834 3010 Quod
852 2914 875 2986 fi
891 2914 994 3010 super
1011 2917 1208 3013 Jerusalem
1308 2985 1312 2992 .

138 3037 221 3093 cum
234 3018 378 3087 ratione
396 3014 520 3105 flevit,
546 3015 656 3108 longe
674 3013 783 3108 magia
802 3013 914 3088 etiam·
926 3016 1206 3095 consentaneum

137 3123 227 3208 erit,
243 3128 287 3188 ur
299 3113 403 3207 sup'er
419 3112 601 3189 ecclesiam
615 3113 719 3194 fleat,
745 3130 822 3204 quae
839 3114 883 3188 ad
898 3116 933 3188 id
943 3113 1123 3212 ,edificata
1138 3117 1203 3213 est,

138 3235 181 3291 ut
199 3217 326 3289 domur
345 3214 386 3287 srt
404 3216 601 3306 orationis,
629 3227 665 3286 at
688 3226 839 3308 propter
854 3228 994 3310 turpem
1009 3219 1205 3292 nonnullo·

136 3313 399 3410 rumquaestum
416 3314 618 3406 aelurum,
646 3324 753 3402 atque
775 3316 911 3388 utinam
935 3338 1011 3391 non
1027 3316 1059 3389 dr
1078 3320 1207 3409 princi·

139 3436 227 3513 pum
242 3414 390 3508 populi,
416 3412 583 3508 spelunca
603 3414 786 3492 latronum
809 3411 936 3488 effedia
956 3413 1015 3490 est.
1066 3415 1208 3498 Verum

138 3531 229 3592 tunc
250 3509 420 3609 ingreffus
445 3509 496 3586 est
521 3513 664 3604 quidem
688 3507 788 3606 Jesus
807 3513 843 3586 in
861 3517 1034 3608 templum
1053 3517 1144 3611 Dei,
1172 3521 1212 3610 da
1255 3538 1257 3545 ·

136 3616 227 3690 illud
260 3613 505 3707 expurgavit,
546 3611 665 3705 ejedtis
697 3612 865 3686 omnibus
896 3618 1138 3691 vendentibus
1174 3621 1208 3692 dr

138 3715 342 3790 ementibus
357 3714 393 3785 in
413 3712 573 3805 templo,
601 3714 634 3784 dr
655 3711 782 3786 menfis
803 3717 1084 3796 numulariorum
1103 3738 1208 3792 ever,

135 3814 206 3904 fir,
231 3833 302 3886 una
319 3833 399 3885 cnm
420 3811 619 3903 cathedris,
644 3811 822 3903 inquibus
842 3812 1024 3910 sedebant,
1043 3819 1100 3909 qui
1117 3839 1209 3890 ven.

103 3943 110 3950 ·
137 3915 274 4000 debant
289 3913 487 3994 columbas.
536 3909 651 4002 Nune
665 3927 784 3998 autem
807 3918 972 4004 quamdiu
989 3938 1066 3996 non
1087 3915 1209 3990 obser.-

198 4085 201 4092 .
633 4067 640 4080 .
1069 4035 1158 4090 vrn·
1256 4049 1261 4057 ·
