2800 4567
302 289 770 369 1uuartuuuru
800 289 923 372 tol.
947 291 1064 373 xrv.
1141 314 1211 392 147

141 457 308 528 Domine
335 459 423 527 Deus
449 471 526 526 tuus
546 458 720 527 tradiderit
741 457 830 526 vobis
853 451 1067 552 pffdendam.
1125 455 1207 555 Ego

139 574 238 628 vero
260 553 364 648 super
385 557 455 648 iis,
484 559 613 647 quein
630 557 698 629 hac
718 557 796 652 lege
823 558 1084 649 continentur,
1118 557 1208 631 iliud

139 674 289 748 quero,
314 668 432 728 utrum
450 670 579 748 preter
593 658 704 729 verba
717 654 804 727 nihil
816 655 851 728 in
865 679 906 729 ea
923 657 1208 753 investigandum

138 757 210 845 stt,
237 756 541 850 quandoquidem
561 775 637 828 eam
659 777 737 828 non
760 758 841 828 tulit
858 755 957 830 Deus
974 776 986 845 3
1023 778 1067 827 an
1087 755 1208 830 Phari.

137 854 213 928 suit
229 856 266 927 id
285 851 572 949 proferentibtu:
601 857 726 950 Moyses
742 849 992 934 mandavitdrre
1003 857 1141 927 libellum
1159 883 1208 929 rt·

136 955 248 1052 pedii,
274 954 314 1030 di·
329 958 509 1038 dimittere,
535 950 718 1029 nucelium·
730 951 840 1030 fuerit
856 955 943 1030 illud
957 955 1094 1030 dicere:
1119 960 1207 1050 Quo·

137 1061 230 1126 niam
245 1055 371 1147 Moyses
384 1058 424 1126 ad
440 1059 594 1126 duritiam
605 1061 709 1126 turdis
728 1057 825 1152 vestri
836 1058 977 1152 permisti
990 1057 1080 1127 vrbis
1097 1059 1207 1129 dimit·

138 1173 205 1226 tere
220 1179 332 1236 uxores
349 1157 491 1253 ueflra13
516 1158 556 1226 ui
576 1161 673 1226 initio
696 1171 803 1228 autem
828 1157 977 1250 nonfuit
993 1155 1042 1249 fic.
1094 1154 1209 1252 Quod

137 1255 163 1329 li
183 1257 263 1347 quie
280 1253 324 1327 ad
341 1258 567 1356 evangelium
586 1253 666 1350 jesu
687 1255 839 1346 Christi,
867 1257 965 1349 quod
981 1253 1095 1353 legem
1111 1250 1209 1350 spiri·

136 1357 274 1428 tudem
289 1349 362 1428 elle
376 1353 508 1449 ddeet,
525 1354 741 1449 escenderit,
758 1357 861 1448 hujus
879 1377 1024 1446 quoque
1039 1355 1126 1451 legis
1145 1354 1210 1451 spi·

136 1455 305 1526 ritualem
323 1449 530 1528 sententiam
544 1453 715 1546 requiret.
768 1453 878 1528 Dicet
894 1474 989 1536 vero
1005 1457 1067 1547 qui
1079 1469 1210 1548 tropo·

137 1553 294 1651 logicam
312 1556 441 1628 horum
456 1555 540 1650 signi
548 1553 753 1628 ficationem
764 1558 902 1649 aperire
911 1555 1093 1646 voluerit,
1109 1554 1211 1646 quod

136 1654 600 1752 quemadmodumt'Paulo
617 1657 768 1736 divinae,
797 1675 899 1746 quarn
916 1655 1064 1747 habuit,
1087 1654 1211 1751 gratia

135 1751 281 1828 confiso
299 1753 430 1829 clidium
445 1752 496 1828 est
510 1755 622 1827 illud:
650 1751 779 1828 Mulier
792 1759 922 1850 alligata
942 1756 982 1850 ιβ
997 1771 1116 1853 quanto
1131 1771 1211 1825 tem·

136 1874 211 1954 pert
223 1860 282 1924 vir
295 1859 408 1925 vivit:
433 1853 512 1953 quod
520 1855 551 1950 fi
562 1856 728 1926 dormierit
743 1861 801 1927 vir
816 1861 899 1951 ejus,
923 1856 1059 1927 liberata
1073 1855 1132 1953 tsi,
1157 1858 1211 1925 αἱ

135 1956 234 2040 vult,
260 1955 382 2025 nutet:
408 1969 539 2026 tantum
554 1959 591 2024 in
610 1959 755 2027 Domino.
807 1955 936 2028 Beatior
952 1970 1059 2028 artem
1081 1961 1161 2043 erit,
1179 1953 1211 2052 fi

139 2055 178 2148 fic
196 2055 434 2152 permanserit,
454 2050 625 2145 secundum
649 2077 751 2126 meum
770 2056 954 2152 confilium,
984 2072 1060 2152 peto
1082 2071 1211 2143 autem,

141 2156 223 2254 quud
238 2157 278 2231 (t
295 2177 344 2249 ego
353 2157 504 2250 spiritum
526 2157 592 2225 Dei
607 2155 755 2225 babeam:
780 2155 840 2227 hic
864 2158 959 2227 enlm
980 2152 1102 2228 verbis
1118 2150 1211 2228 istis:

143 2259 322 2329 Secundum
337 2277 435 2325 meum
449 2253 626 2353 confilium,
653 2273 701 2328 ne
717 2249 929 2347 despiciatur
943 2253 1030 2327 illud
1044 2269 1213 2346 tauquam

143 2351 268 2448 spiritu
285 2350 356 2426 Dei
371 2371 549 2446 vacuum,
575 2351 670 2428 teile
689 2354 889 2447 subjunxit:
919 2354 999 2426 Puro
1013 2371 1118 2426 aurem
1134 2353 1214 2451 quoi

143 2458 181 2533 θ
196 2479 248 2550 ega
265 2453 414 2550 spiritum
442 2461 504 2525 Dei
520 2454 673 2526 hairum:
697 2452 748 2527 ita
765 2449 932 2547 &Moysi
950 2505 962 2546 ,
989 2467 1142 2550 propter
1160 2463 1214 2526 at·

144 2556 315 2629 tributam
337 2552 369 2626 ei
387 2556 505 2650 legum
523 2550 749 2630 ferendarum
773 2549 1030 2647 potestatem,
1053 2554 1147 2626 adeo
1172 2565 1216 2626 ut

143 2669 299 2752 propter
319 2654 485 2727 duritiem
500 2651 619 2726 cordis
634 2656 785 2746 populi,
811 2671 931 2729 retum
944 2655 1215 2744 nonnullarum,

144 2775 215 2846 qut
237 2752 291 2828 fas
311 2769 414 2842 eret,
453 2753 661 2826 &uxorum
684 2751 981 2845 repudiandarum
1006 2751 1217 2827 facultatem
1298 2779 1304 2796 *

143 2856 314 2946 dederit,
339 2870 477 2926 morem
504 2854 539 2924 in
566 2853 619 2925 his
654 2855 762 2925 rebus
792 2870 917 2948 gerere
943 2852 1101 2944 licebat,
1128 2868 1216 2943 quae

145 2951 278 3049 suopte
301 2949 451 3026 consilio
468 2947 671 3041 sanciebat,
698 2965 832 3044 utpote
848 2955 918 3025 lata
934 2952 1037 3043 super
1050 2949 1105 3024 his
1128 2970 1219 3041 quu-

143 3072 218 3147 que
230 3067 314 3126 cum
325 3045 449 3147 spiritu
469 3049 536 3124 Dei
555 3053 654 3148 lege3
684 3048 831 3124 &dicet
852 3052 938 3144 ille,
964 3052 988 3125 fi
1009 3068 1085 3123 non
1100 3050 1218 3141 aliqua

146 3149 291 3246 quidem
310 3151 369 3224 lex
389 3149 574 3244 spiritualis
593 3150 675 3239 est,
710 3151 827 3242 alique
845 3170 937 3224 vero
958 3171 1035 3224 non
1055 3145 1106 3223 est
1126 3148 1219 3242 ejur-

145 3251 275 3341 mudi3
300 3252 360 3324 lex
381 3270 475 3324 vero
495 3247 530 3322 dt
546 3254 606 3324 illa
622 3245 695 3344 est,
724 3247 940 3343 spiritualem
958 3267 1104 3342 quoque
1122 3250 1217 3322 hane

140 3347 239 3452 elle,
267 3349 335 3424 &s
350 3348 556 3424 nsum-illius
572 3350 787 3443 spiritualem
803 3350 1087 3450 investigandum
1105 3343 1186 3424 elie.

227 3469 283 3548 19.
344 3467 446 3524 orum
471 3466 591 3524 autem
616 3467 821 3542 memores,
850 3471 926 3543 quae
947 3449 1089 3543 supra-a
1110 3443 1218 3522 nobis

138 3551 187 3626 in
202 3543 404 3625 hunclsaiae
418 3549 464 3623 de
476 3551 601 3624 libello
617 3547 757 3643 repudii
775 3547 898 3624 locum
917 3548 1008 3623 didit
1022 3547 1122 3641 sunt,
1148 3567 1220 3622 ma·

145 3663 243 3724 trem
258 3649 385 3741 populi
400 3669 475 3723 non
499 3662 653 3743 accepto
674 3649 815 3743 repudii
831 3648 955 3724 libello
971 3681 983 3742 ,-
1012 3671 1032 3722 a
1050 3649 1133 3721 viro
1154 3643 1219 3720 suo

144 3746 295 3826 Christo
313 3745 442 3842 sponte
461 3744 639 3822 disceilille
653 3749 987 3844 pronuntiabimus3
1015 3747 1144 3820 deinde
1159 3765 1221 3820 ve-

144 3867 219 3943 to,
245 3843 434 3942 postquam
452 3843 593 3922 foeditae
610 3851 647 3920 in
670 3869 712 3921 ea
727 3863 872 3941 reperta
889 3846 960 3941 est,
986 3845 1160 3920 &eoram
1178 3843 1222 3920 ll·

147 3945 630 4052 luprtiamnoniu'venit,
645 3947 964 4126 1{laedllttrttadeaut
979 3940 1222 4144 repugiis&-
