2800 4567
313 306 378 387 IN
400 306 784 387 MATTHAEUM
818 306 939 386 Tou.
967 306 1083 387 xlv,
1160 326 1229 401 13³

157 491 277 571 quam
303 469 362 544 sed
377 472 412 544 id
430 473 473 545 ad
491 469 598 546 finem
614 490 767 567 propter
783 471 1000 546 conservum
1022 466 1227 543 reservasse.

159 573 271 670 R'egis
296 589 414 645 autem
439 574 729 647 moderationem
751 574 1016 665 animadverte3
1041 590 1117 643 non
1137 569 1229 645 dixit

159 671 246 746 ille:
272 672 416 769 Adorafli
436 697 481 768 ma
494 695 508 758 ,·
535 673 613 745 sed:
642 674 765 771 Rogafli
778 697 843 759 me,
867 693 936 745 nec
958 691 1040 745 eum
1053 670 1226 768 amplius,

158 772 336 867 ipsiusque
354 771 542 845 facultates
559 775 760 847 venundari
768 772 882 865 jussit3
909 771 986 863 sed,
1007 765 1226 863 *quodpeJ'us

158 871 228 963 est,
264 885 415 963 propter
437 872 541 966 ipsius
566 875 762 963 nequitiam
785 874 922 943 tradidit
946 896 1015 942 eam
1039 870 1223 944 tortoribus.

158 974 316 1069 Quinam
333 983 451 1043 autem
467 974 501 1043 hi
515 972 602 1063 sint,
630 988 865 1064 praeterquam
878 973 925 1061 ii,
954 972 1081 1062 quibus
1095 967 1224 1060 suppli·

159 1075 299 1144 ciorum
317 1090 402 1141 cura
418 1073 628 1143 demandata
642 1071 718 1145 esti
746 1074 856 1145 Simul
873 1074 979 1144 etiam
991 1082 1143 1163 propter
1155 1071 1224 1140 hae·

157 1171 293 1244 reticos
306 1191 382 1242 eam
392 1168 600 1263 usurpantes
611 1174 843 1265 parabolam,
865 1188 955 1243 nota
966 1166 1124 1244 debuisse
1136 1169 1221 1241 ilios

157 1269 417 1362 huncquoque
439 1291 557 1365 regem
584 1273 791 1363 criminari,
826 1272 924 1363 quod
946 1273 1056 1343 iratus
1080 1268 1220 1341 debito·

158 1389 230 1444 rem
242 1369 446 1442 tortoribus
459 1371 665 1462 tradiderit,
684 1370 888 1464 siopificem
903 1387 1070 1462 tanquam
1083 1369 1222 1439 iracun-

160 1471 267 1560 dum,
294 1483 446 1561 propter
469 1472 601 1559 verba,
630 1490 707 1562 quae
726 1473 812 1544 iram
834 1470 902 1542 Dei
918 1466 1136 1564 significant,
1164 1487 1221 1538 re·

159 1568 395 1663 prehendunt.
451 1568 626 1642 Praeterea
648 1591 742 1642 vero
763 1572 804 1642 iis
831 1570 1020 1643 dicendum
1044 1568 1125 1659 est,
1159 1565 1221 1658 qui

160 1689 230 1743 uon
249 1688 460 1761 quemquam
476 1691 495 1741 a
512 1669 594 1763 Jesu
608 1672 811 1743 tortoribus
826 1671 917 1742 tradi
931 1670 1084 1742 volunt:
1116 1666 1219 1741 Heus

161 1789 246 1860 uos,
274 1770 416 1858 quinam
430 1788 493 1841 rex
512 1771 572 1842 ille
585 1769 648 1861 sit,
670 1773 730 1862 qui
745 1768 885 1843 servum
898 1789 1050 1860 nequam
1069 1767 1220 1856 tortoris

161 1869 221 1942 bus
236 1867 368 1960 tradit,
397 1869 544 1959 aperite.
597 1870 741 1966 Quin&
761 1870 803 1942 ad
818 1870 904 1941 illud
919 1868 1131 1941 attendants
1164 1868 1220 1936 Sir

162 1981 193 2044 U
208 1970 304 2040 Pater
318 1991 401 2037 meur
413 1969 534 2062 coelfiis
542 1968 646 2059 faciet
658 1968 764 2037 vobis:
789 1970 914 2041 veihis
927 1969 1088 2042 etiamen
1101 1966 1219 2039 dican·

162 2081 214 2140 tur
223 2069 361 2162 potius,
377 2087 453 2157 quae
467 2068 504 2138 in
518 2068 643 2141 decem
657 2069 832 2141 minarum
845 2070 1015 2159 parabola
1026 2067 1219 2144 habentur,

157 2166 223 2240 dra
237 2167 310 2240 Dei
323 2167 413 2239 boni
424 2166 518 2240 Filio
532 2169 765 2260 pronuntiata
783 2168 879 2240 sunt:
913 2173 1140 2241 Verumtamen
1150 2169 1217 2234 im·-

164 2274 247 2338 nicos
261 2261 441 2344 massilias,
467 2269 727 2363 quintilianum,
755 2268 942 2342 &cartem
993 2266 1103 2339 Certe
1118 2284 1218 2360 para·

163 2367 249 2441 bolae
270 2365 454 2450 conclusio
479 2366 751 2460 simplicioribus
777 2369 885 2441 etiam
907 2364 1102 2466 congruit3
1143 2364 1218 2457 qui-

141 2517 144 2536 .
165 2486 309 2559 cumque
322 2468 416 2541 enim
428 2482 661 2557 peccatorum
673 2466 907 2542 remissionem
920 2470 1137 2559 recepimus,
1148 2482 1218 2538 nec

141 2541 146 2610 ³
165 2566 409 2640 cumfratribus
421 2567 672 2661 concedimus,
700 2568 825 2642 eadem
839 2588 908 2641 nos
923 2562 1149 2661 perpessuros
1162 2564 1219 2637 so·

165 2685 196 2738 se
208 2667 407 2781 docemur,
433 2668 611 2762 acilium,
639 2669 699 2761 qui
719 2668 867 2766 gratiam
883 2664 945 2741 sibi
963 2664 1090 2741 fatiam
1109 2662 1218 2738 servo

162 2783 198 2839 ne
221 2781 310 2842 avit.

199 2789 287 2957 g14.
317 2866 366 2938 Et
375 2865 504 2958 fusium
523 2866 588 2964 eft,
614 2891 683 2938 cum
706 2864 938 2958 consummaffit
957 2865 1054 2961 Jesus
1062 2864 1220 2953 sermones
1314 2869 1324 2892 '

164 2965 232 3061 iias.
258 2965 625 3061 Quiunamquamque
639 2964 867 3058 quaestionem
878 2964 1098 3057 propositam
1111 2962 1218 3054 plane

141 3057 333 3159 dedinent,
364 3067 472 3140 itaut
493 3069 579 3139 nihil
600 3065 791 3155 intasium,
818 3067 1146 3159 inexplicatumque
1164 3080 1219 3132 re·

141 3116 311 3260 'inquam
339 3167 368 3238 is
387 3165 568 3240 sermones
588 3165 670 3239 suos
690 3164 922 3239 consummat.
974 3160 1025 3235 Ea
1041 3176 1158 3235 autem
1173 3159 1219 3256 de

162 3281 193 3340 re
205 3264 451 3340 confidentius
465 3267 780 3360 pronuntiaverit,
806 3267 866 3357 qui
883 3267 920 3337 in
928 3264 1065 3336 veteris
1081 3259 1220 3333 &novi

163 3365 555 3442 testamentilettionem
568 3366 772 3462 diligentius
787 3362 991 3449 incumbet3
1017 3359 1220 3434 namsruui·

163 3463 198 3557 li,
223 3488 346 3557 neque
361 3467 507 3558 Moysi,
532 3486 650 3557 neque
670 3465 927 3559 prophetarum
945 3463 1126 3552 cuiquam,
1156 3456 1217 3535 sed

163 3563 217 3640 soli
235 3565 321 3664 Jesu
345 3566 555 3638 attributum
577 3565 628 3637 est
651 3567 764 3637 illud:
802 3567 1043 3644 Consummavit
1057 3562 1217 3649 sermones

162 3669 243 3759 iias,
278 3681 356 3740 tum
379 3662 542 3739 audasier
566 3661 794 3738 affirmaverit
814 3664 938 3754 aliquis
961 3681 1073 3734 unum
1099 3657 1216 3752 Jesum

163 3763 337 3841 sermones
355 3763 627 3856 consummasse,
653 3765 714 3856 qui
733 3764 776 3835 ad
788 3760 895 3836 finem
908 3764 1015 3835 rebus
1030 3761 1217 3853 imponen-

163 3864 258 3959 dum,
286 3867 321 3937 dc
338 3864 382 3935 ad
395 3864 653 3939 resarciendum
666 3865 755 3958 legis
770 3862 946 3938 desedium
963 3860 1087 3946 venit,
1113 3874 1154 3930 ut
1167 3858 1219 3929 in-

164 3963 351 4043 dediscere
366 3961 434 4039 esta
460 3964 596 4039 Bitiam
613 3964 658 4143 qil
663 3970 832 4063 antiquis,
858 3962 1071 4056 &reliqum
1095 3957 1221 4134 {crut-

681 4086 703 4161 3
1116 4076 1189 4131 usa
