2800 4567
183 257 208 300 st?

212 364 217 387 ·
296 325 359 402 ru
384 324 755 440 Murranum
779 326 901 404 rou.
927 302 1214 420 xv11.····“‘t'{s
1243 264 1245 268 ⁵
1285 331 1320 419 j.

158 514 231 587 eo,
258 490 448 580 quominus
468 488 592 563 census
617 487 741 564 Caesari
757 490 921 580 daretur,
948 510 1029 563 eum
1047 486 1138 581 quast
1159 488 1218 559 de-

154 591 327 667 setiionis
352 606 536 678 autorem,
563 611 605 661 ac
624 588 851 681 impulsorem
868 594 1039 663 Romanis
1055 589 1218 661 tradituri

159 692 307 766 fuiss'ent
323 688 540 778 Herodiani3
567 692 798 782 permittente
814 711 930 771 vero,
957 683 1221 781 accusaturrJe'-
1301 761 1308 768 ,

160 794 235 867 sum
252 787 394 862 fuissent
411 786 588 866 Pharisaei,
615 788 707 879 quasi
725 788 912 881 personam
929 789 1083 861 hominis
1096 790 1219 881 potius

159 889 369 983 respiceret,
386 908 489 977 quam
507 888 680 962 viamDei
696 889 733 962 in
748 883 901 961 vesitate
918 886 1094 961 doceret?
1111 885 1222 980 Apud

162 1007 203 1063 te
218 1004 335 1063 autem
350 988 388 1059 id
399 989 539 1083 cogita,
565 988 816 1063 Pharisaeorum
834 989 1024 1081 discipulos
1040 988 1221 1060 dicentes:
1247 1009 1249 1014 ·

162 1092 339 1186 Magister,
360 1088 472 1182 seimus
488 1099 572 1187 quia,
587 1114 688 1160 verax
703 1116 752 1179 es,
779 1090 818 1165 (5
840 1094 926 1160 viam
948 1094 1010 1160 Dei
1026 1093 1063 1157 r'u
1082 1094 1222 1157 veritate

164 1196 268 1282 doces,
294 1187 333 1265 (5
349 1213 412 1258 non
427 1187 466 1281 ιβ
481 1190 541 1259 risi
554 1214 628 1259 cura
644 1192 678 1259 de
693 1190 817 1287 aliqu03
844 1215 911 1261 non
928 1194 1013 1260 enim
1026 1189 1146 1281 respicis
1154 1191 1221 1281 per'·
1238 1182 1262 1200 ‘

162 1291 473 1379 lamentantium,
497 1290 670 1381 ejusmodi
687 1290 791 1363 laude
807 1312 887 1363 eum
909 1289 1002 1381 quasi
1017 1289 1223 1376 dehortari,

164 1411 213 1463 ne
240 1389 530 1462 Herodianorum
562 1387 749 1481 personam
771 1390 960 1483 respiciat,
1002 1408 1225 1478 eorumque,

167 1492 227 1581 qui
247 1512 265 1559 a
285 1486 599 1580 Caesarispartibus
616 1490 777 1582 stabant,
804 1492 955 1580 utjuxta
971 1486 1224 1560 Pharisaeorum
1316 1569 1318 1582 Ι

165 1590 380 1663 sententiam
396 1586 567 1660 tributum
586 1587 710 1660 Caesari
728 1608 804 1662 non
828 1588 896 1661 effe
913 1587 1122 1660 solvendum
1137 1568 1226 1660 affir-

166 1709 293 1769 mans,
328 1686 543 1782 Herodianis
563 1690 606 1760 ab
628 1689 709 1784 ipsrs
736 1691 945 1762 traderetur.
1004 1689 1103 1784 Quin
1132 1689 1165 1759 dt
1188 1687 1227 1757 il-

167 1788 232 1863 lud
254 1788 420 1861 attende:
450 1791 581 1879 Cognita
602 1807 708 1859 aurem
730 1787 829 1886 Jefus
844 1792 988 1885 nequitia
1005 1812 1132 1881 earum,
1158 1792 1226 1857 ait:
1296 1865 1299 1880 ,

161 1881 262 1982 'Quid
275 1913 320 1956 me
337 1892 474 1957 tentatis
489 1885 686 1983 hypocrite?
711 1887 757 1963 Se
770 1911 855 1986 ergo
871 1911 890 1960 a
906 1884 1082 1961 Pharisaeis
1096 1885 1226 1957 callido
1287 1939 1290 1948 .

169 2010 213 2061 ac
229 1986 334 2060 vafro
353 1988 472 2059 animo
490 1986 580 2060 adse
597 1988 850 2061 accedentibus
868 1987 999 2060 tentari
1018 1985 1169 2074 sciebat,
1185 1998 1242 2074 ut,

170 2085 342 2180 quidquid
364 2084 436 2180 ipse
457 2085 714 2179 respondisset,
750 2110 795 2160 ex
820 2087 878 2160 sua
899 2086 1131 2178 responsrone
1151 2085 1227 2162 insa,-

170 2190 246 2261 dias
273 2187 334 2259 sibi
360 2184 585 2259 instruerent,
637 2188 726 2260 Haec
751 2210 837 2281 ergo
863 2188 900 2258 in
925 2188 1023 2259 hunc
1047 2183 1229 2277 presentis

171 2287 352 2382 evangelii
368 2288 488 2358 locum
506 2287 548 2358 ad
566 2287 722 2361 litteram
738 2286 828 2361 diua
842 2285 973 2372 sunto,
1000 2287 1126 2374 quibus
1143 2305 1231 2356 con·
1310 2293 1312 2295 ’

171 2386 323 2478 sonant,
350 2406 425 2477 quae
451 2385 616 2459 aMarco
636 2387 669 2471 &
687 2385 787 2460 Luca
807 2387 910 2479 super
924 2386 1048 2458 iisdem
1064 2387 1169 2456 rebus
1185 2386 1233 2455 al·

172 2490 245 2561 lata
270 2484 375 2575 sunt,
402 2487 701 2575 quemadmodum
725 2510 770 2559 ex
790 2487 1061 2583 evangeiiorum
1083 2485 1178 2557 inter
1196 2482 1232 2557 se

174 2588 374 2659 collatione
398 2606 439 2656 ac
462 2587 743 2681 comparatione
767 2581 963 2659 existimare
988 2600 1124 2678 potes;
1159 2604 1230 2657 nec

175 2688 277 2759 aliam
301 2686 396 2756 enim
418 2704 459 2755 ac
481 2682 578 2760 istam
598 2684 701 2777 super
727 2687 801 2758 hoc
824 2690 912 2758 loco
937 2684 1131 2757 Matthaeus
1151 2702 1234 2775 pro-

174 2787 247 2860 fert
267 2784 500 2876 sententiam,
526 2805 596 2858 nec
611 2786 758 2858 Marcus
775 2806 925 2875 quoque
937 2784 1060 2858 itidem
1080 2804 1121 2855 ac
1138 2780 1235 2853 Mat·

175 2890 304 2958 thaeus.
355 2883 463 2955 Simul
484 2899 601 2958 autem
619 2886 746 2971 adea,
773 2905 850 2975 quae
862 2883 1039 2976 jadiantur
1055 2904 1075 2954 a
1091 2884 1234 2963 multis,

175 2998 443 3079 proptereaque
467 2981 670 3058 honorifica
692 2985 862 3057 videntur
886 2982 981 3075 esse,
1006 2981 1151 3057 minime
1172 2979 1234 3054 sub

175 3084 321 3179 pietatis
344 3084 381 3155 in
400 3081 519 3155 Deum
543 3084 658 3177 specie
683 3084 869 3158 attendere
890 3105 909 3155 a
930 3081 1153 3177 sospitatore
1168 3101 1246 3174 no7¹

176 3185 251 3259 stro
265 3181 464 3278 docemur,
490 3183 548 3255 sed
565 3185 608 3256 ad
624 3206 686 3275 ea,
714 3206 790 3276 quae
806 3181 1045 3274 disquisitione
1061 3177 1243 3264 &studim

177 3303 326 3360 necnon
343 3283 376 3354 dr
391 3285 541 3356 rationis
562 3282 818 3375 consequentia
841 3282 1066 3371 adstruuntur¹
1089 3303 1131 3354 ac
1153 3295 1237 3376 pto-¹

177 3385 320 3457 bantur.
375 3380 539 3455 Observa
556 3386 649 3457 enim
670 3383 863 3475 questione
879 3386 949 3457 hac
959 3380 1163 3476 proposita,
1191 3381 1238 3453 ari

179 3482 315 3555 dandus
335 3478 421 3554 esset
437 3482 559 3555 Caesari
581 3483 729 3576 census,
755 3506 891 3573 necne,
918 3486 1127 3579 opinionem
1141 3481 1236 3556 suam

179 3582 386 3673 impliciter
412 3602 492 3655 eum
518 3602 596 3655 non
621 3582 836 3677 protulisse,
871 3584 929 3655 sed
963 3604 1044 3658 cum
1081 3580 1235 3659 dixisset:

183 3682 341 3776 ostendite
356 3680 437 3750 mihi
451 3682 604 3772 numisma
620 3684 723 3771 census
739 3736 749 3772 ,
776 3685 875 3775 cujus
893 3682 980 3757 esset
995 3683 1111 3776 imago
1129 3704 1170 3754 ac
1186 3679 1237 3753 su·

182 3780 395 3876 perscriptio
421 3782 639 3874 quaestviffe,
666 3783 795 3857 &cum
813 3781 952 3856 Caesarit
970 3782 1039 3859 esse
1055 3784 1238 3873 dicerent,

186 3880 310 3953 Caesari
337 3901 413 3971 quae
434 3880 492 3953 sua
513 3882 640 3956 forent
659 3882 820 3975 poscenti
844 3884 1024 3959 reddenda
1047 3879 1142 3967 esse,
1177 3902 1239 3952 ue·
1318 3901 1321 3907 ·

188 4003 257 4075 que
275 3980 418 4077 pietatis
440 3979 557 4078 specie
578 3983 675 4058 hunc
688 3985 736 4060 ¹iis
756 3982 824 4059 esse
844 3983 1073 4061 fraudandum
1097 3979 1241 4148 {spou-

1126 4102 1147 4146 Χ
1170 4100 1212 4145 ἢ.
