2800 4567
107 295 114 306 ’
260 293 339 418 'ru
364 319 740 408 mnnrnmuru
770 261 1040 410 nonsxvn·
1115 337 1186 429 sse

122 489 184 582 qui
200 487 452 584 discipulorum
465 491 551 587 -Jeffi
568 488 732 566 sermone
747 492 950 586 auferatur,
976 489 1010 564 ἃ
1028 491 1065 564 in
1084 510 1185 568 mare
1245 477 1249 494 '

113 589 284 683 ,supplicii
306 593 411 685 ipsius
431 593 609 678 mittetur3
625 591 671 664 u
695 611 928 684 quaecumque
952 592 989 664 in
1015 592 1183 684 depreca-

120 691 225 763 tione
243 691 413 781 petierint
433 690 517 783 Jeiu
530 689 687 784 discipuli
708 693 915 784 credentes,
941 707 1180 783 accepturos,

120 789 218 879 quasi
239 786 429 881 discipulos
452 789 539 864 nibil
558 810 635 864 non
651 791 1006 882 equumpetituros,
1032 788 1067 860 δι
1087 788 1182 884 qusfi

115 887 285 982 magistro
303 892 617 981 obtemperantes,
636 908 760 980 neque
776 887 986 981 quidquam,
1012 887 1073 961 nisr
1090 911 1182 984 mag·

104 1007 206 1066 -num
224 987 413 1062 &coeleste
436 985 637 1078 poscentes.
689 987 793 1060 Dixit
807 991 901 1064 enim
920 987 1095 1081 discipulis
1114 987 1181 1061 suis

114 1085 234 1182 Jestrs:
261 1087 385 1180 Magna
398 1095 506 1184 petite,
527 1093 565 1162 U
583 1110 686 1181 parvo
699 1090 785 1159 nobis
804 1089 1044 1173 attribuemus
1070 1087 1109 1164 (5
1124 1113 1179 1158 ω-

112 1187 202 1281 lestis
217 1190 334 1284 petite,
361 1187 397 1262 (5
416 1205 544 1258 terreno
558 1188 647 1257 vobis
660 1192 863 1282 adjicientur.

190 1308 247 1381 29.
274 1284 327 1358 At
348 1287 494 1360 Marcus
517 1287 611 1360 hanc
633 1286 1082 1378 conscribenshistoriam,
1112 1281 1176 1357 dis·

110 1383 321 1460 sentaneum
348 1388 497 1478 aliquid,
526 1388 741 1477 minimeque
766 1386 955 1460 verisimile
983 1385 1174 1459 contextui
1270 1403 1273 1408 ·

113 1485 263 1560 videtur
289 1482 473 1568 addidisse,
504 1487 625 1558 dicens
651 1485 788 1581 Jesum,
815 1513 883 1559 cum
908 1484 1066 1578 vidistine
1090 1489 1177 1578 longe

103 1586 208 1678 ficum
224 1584 387 1656 habentem
400 1586 503 1674 falia,
527 1583 644 1677 veniffe
664 1588 749 1684 quasi
773 1589 897 1684 aliquid
915 1592 951 1656 in
968 1613 1002 1656 eu
1020 1592 1175 1655 inventu·

113 1706 202 1758 tum:
244 1709 295 1754 nm
308 1687 441 1776 veniffet
457 1703 562 1756 nutem
576 1689 617 1755 ad
634 1712 722 1777 eam,
749 1686 785 1763 (5
805 1689 896 1758 nihil
908 1684 1078 1775 invemffit
1092 1705 1174 1779 pre·

107 1799 162 1856 ter
179 1709 289 1876 foliaq
318 1808 383 1856 nen
407 1790 632 1880 enimtempvs
650 1785 747 1878 fnsffe
762 1790 917 1877 ficorum,
945 1786 1173 1881 respondentem

108 1880 224 1976 dixiffe
242 1886 295 1962 eit,
316 1887 399 1982 Jam
424 1909 490 1954 non
514 1886 649 1980 amplius
675 1892 712 1954 in
738 1905 887 1958 eternum
911 1911 949 1955 ex
972 1903 1005 1956 te
1022 1881 1172 1976 fantium

109 1990 277 2082 quiequam
294 1986 482 2060 manducen-
517 1984 649 2058 Nomii
666 1981 836 2072 ficorum,
862 1985 1001 2076 inquiet
1027 1985 1171 2075 aliquis,

106 2087 254 2176 tempus
267 2103 343 2158 non
360 2097 457 2173 erat,
482 2085 668 2174 quomodo
687 2086 729 2155 ad
747 2081 867 2174 ficum,
881 2083 973 2175 quasi
990 2082 1120 2172 aliquid
1134 2083 1172 2156 iu

107 2203 154 2256 ea
168 2181 381 2257 inventurus
398 2180 496 2275 Jesus
515 2180 678 2258 accessiti
706 2183 739 2254 br
762 2184 948 2275 quomodo
974 2185 1005 2254 ei
1026 2187 1102 2269 jure
1120 2182 1171 2253 di·

105 2281 181 2356 xit:
209 2285 291 2380 Jam
304 2307 370 2354 non
381 2285 513 2379 amplius
529 2288 566 2352 in
580 2298 732 2354 eternum
747 2309 786 2352 ex
801 2301 831 2354 te
842 2281 992 2375 sentium
1005 2290 1170 2378 quisqudns

102 2378 296 2454 manducet?
326 2382 386 2454 Ad
402 2385 439 2456 id
462 2383 531 2455 dici
550 2380 689 2477 potest,
715 2398 944 2456 enumeratos
961 2384 1054 2475 apud
1070 2380 1170 2472 Apo·

102 2480 236 2560 stolum
250 2479 383 2564 fructus
399 2481 559 2574 spiritus,
586 2484 794 2556 charitatem
809 2503 960 2575 nempe,
988 2479 1184 2576 gaudium,

102 2586 248 2676 putem,
273 2583 470 2672 lenitatem,
495 2582 775 2678 benignitatem,
800 2585 1020 2671 bonitatem,
1047 2577 1167 2666 iidem,

101 2677 423 2771 mansuetudinem,
449 2683 722 2774 temperantiam
738 2701 994 2771 nonnunquam
1012 2679 1164 2772 proprio

100 2777 168 2854 suo
187 2793 353 2872 tempure
375 2779 469 2866 dari;
497 2792 533 2862 at
546 2779 591 2860 sr,
617 2782 904 2872 provocantibus
919 2781 1005 2850 licet
1020 2778 1062 2856 ad
1077 2796 1166 2848 con·

98 2880 224 2954 uarias
242 2876 421 2970 ,fructuum
444 2877 612 2954 emissioni
633 2897 690 2950 res
714 2878 1021 2953 circumstantibus
1035 2877 1165 2957 rebus,

96 2993 255 3076 propter
271 2981 358 3052 latas
371 3000 391 3050 a
405 2978 533 3054 Verbo
554 2978 718 3074 ingentes
736 2975 934 3070 suppetias,
960 2990 1048 3048 tunc
1075 2993 1165 3064 quo·

97 3099 172 3170 que
184 3075 319 3152 fruetus
336 3075 473 3171 spiritus
490 3077 573 3151 dare
591 3078 716 3168 aliquis
733 3080 851 3161 vaiet,
876 3077 963 3151 illud
973 3094 1064 3147 vero
1075 3093 1164 3168 prae·

93 3176 249 3253 stantius
265 3173 345 3251 effe.
400 3176 511 3270 Quod
528 3191 646 3253 autem
661 3177 767 3269 dico,
794 3178 870 3250 tale
883 3175 952 3264 est3
978 3176 1073 3247 inter
1091 3172 1163 3246 fru·

91 3277 175 3356 stus
202 3274 342 3370 spiritus
367 3273 572 3350 recensetur
597 3277 772 3364 ebaritas,
804 3277 898 3349 illius
922 3291 997 3349 tum
1020 3287 1161 3368 tempus

88 3375 173 3466 est,
207 3393 289 3450 cum
312 3377 495 3466 amicitiae,
520 3396 588 3467 qua
612 3373 809 3471 diligimur,
836 3372 985 3450 nattum
1011 3371 1162 3445 reddere

88 3471 291 3568 operosum
305 3493 382 3548 non
397 3471 468 3561 est;
495 3473 678 3546 &fratibus
693 3473 775 3547 sane
792 3474 931 3568 spiritus
947 3471 998 3546 est
1014 3472 1161 3568 diligen·

85 3589 173 3668 pem
191 3573 355 3672 diligere,
379 3592 509 3649 verum
534 3593 610 3647 non
636 3577 672 3647 in
699 3588 884 3666 tempore,
909 3585 951 3645 ut
965 3573 1015 3646 ita
1032 3571 1159 3660 dicam,

89 3671 264 3750 ficorum.
314 3671 367 3743 At
386 3693 466 3746 cum
480 3669 623 3748 fidelem
639 3673 764 3763 aliquis
781 3674 823 3747 ad
839 3672 962 3746 odium
979 3669 1077 3746 fatus
1090 3668 1158 3746 suis

89 3770 358 3863 concitaverit,
383 3767 782 3848 fiveinfidiasstruens‚
803 3763 1158 3864 fivedepravaiisus·
1289 3817 1292 3824 ·

88 3893 167 3964 que
183 3871 276 3945 adeo
293 3867 652 3968 moribusprarditus,
668 3884 711 3944 ut
724 3870 812 3944 odio
829 3869 953 3970 dignus
971 3869 1156 3956 viduatum

86 3969 206 4066 justus
222 3985 408 4063 sutem,ue
421 3971 604 4044 bominem
620 3970 761 4061 quidem
777 3970 953 4063 ejusmodi
968 3967 1056 4042 odio
1097 3986 1157 4058 ro-

91 4065 340 4164 sequitutsi'pd
355 4071 447 4162 qussi
466 4071 559 4144 illius
570 4067 693 4250 gnus,
708 4075 761 4173 qui
775 4071 867 4168 [ulem
879 4075 964 4144 uria‘a
980 3988 1168 4226 §eristum

615 4173 641 4249 b
670 4194 694 4270 3
1044 4181 1150 4232 maus

1210 2281 1219 2320 i
