2800 4567
316 293 387 374 IN
399 289 774 418 ‘MATTHAEUM
798 287 1049 392 ·Tou.''XV.
1153 317 1221 394 173

237 483 272 535 ι.
297 457 452 562 Quodsi
473 459 552 551 quis
568 457 653 532 aliis·
667 454 962 551 utiam-exemplis
977 456 1124 550 probari
1141 459 1224 534 vult

158 581 304 638 novum
318 559 566 634 testamentum
587 560 743 632 litteram
765 557 991 634 occidentem
1012 561 1223 657 continere,

159 657 322 756 audiat-,r
334 663 490 753 exempli
508 659 647 757 gratia,
674 659 861 750 quomodo
882 656 1057 734 Servatur
1080 661 1224 752 aposto·

159 763 204 836 lis
221 764 296 835 ait:
320 763 460 853 Quando
481 761 550 854 mifi
563 785 619 831 uus
633 759 701 851 fine
710 761 849 849 laculo,
875 767 911 833 U
928 780 1030 858 pera,
1057 759 1224 854 (reaten

152 859 480 959 ,memlsfnenquld
500 861 624 958 aliquid
638 859 742 953 defuit
763 854 878 930 veiis?
903 863 1029 950 quibua
1047 861 1224 958 subjungi·

159 961 239 1036 turi
266 966 314 1036 Ar
328 964 377 1034 illi
393 967 564 1034 dixerunt:
590 962 703 1034 Mill.
737 960 839 1033 Dixit
855 980 942 1056 ergo
959 964 1009 1034 eis
1025 963 1143 1058 Jesus:
1160 963 1225 1034 sid

159 1061 953 1251 ”ibt‘bll‘illlll'nli‘llll}
966 1061 1223 1259 illilus

201 1285 257 1336 am
272 1262 296 1337 sl
310 1266 387 1355 quis
400 1265 505 1356 hujus
522 1264 595 1335 loci
608 1259 743 1338 sensum
758 1282 832 1334 non
848 1276 1059 1357 penetrans,
1086 1266 1225 1340 vestem

159 1363 255 1437 suam
269 1360 423 1438 sensilem
438 1363 661 1457 vendiderit,
689 1362 948 1437 &homicidam
963 1366 1116 1461 gladium
1134 1388 1228 1440 eme·

159 1467 228 1543 rit,
255 1475 449 1558 propterea
463 1464 561 1555 quod
576 1464 652 1537 haec
668 1485 688 1536 a
703 1461 784 1558 Jesu
800 1461 1006 1557 dictasunt,
1035 1467 1169 1558 peribit
1185 1469 1226 1540 ile

160 1566 217 1654 le,
245 1567 343 1656 quod
360 1564 535 1656 ejusmodi
549 1564 702 1660 gladium
725 1560 928 1655 sumpserit,
955 1564 1135 1659 &preter
1157 1587 1225 1640 vo·

160 1666 336 1738 luntatam
359 1663 461 1758 Jesu,
492 1667 585 1738 male
604 1663 788 1737 intelledlo
806 1662 911 1755 ipsius
932 1660 1116 1758 sermone,
1145 1661 1226 1763 ege'·

158 1766 229 1853 rit3
258 1761 405 1838 fortasse
419 1785 512 1839 vero
528 1765 612 1837 &in
630 1763 749 1859 gladio
767 1765 916 1854 peribit:
942 1777 981 1837 at
996 1768 1113 1858 qualis
1126 1767 1225 1840 stt-ila

159 1866 196 1938 le
217 1864 354 1960 gladius
376 1886 452 1938 non
468 1884 565 1937 nunc
588 1866 695 1937 nobis
716 1863 976 1955 disquirendum
998 1863 1058 1938 est.
1112 1869 1227 1964 Quin·

162 1965 271 2037 etiam
288 1964 402 2037 illud:
441 1968 611 2037 Neminem
622 1985 679 2060 per
704 1967 791 2034 viam
806 1964 1060 2053 salutaveritis,
1092 1966 1116 2039 sr
1146 1969 1225 2059 quit

162 2085 240 2137 non
255 2062 445 2137 discutient
457 2065 539 2154 quid
555 2064 686 2137 volens
700 2062 799 2157 Jesus
809 2063 1122 2160 hocpraeccperit,
1143 2087 1226 2157 qua·

162 2165 316 2238 livitam
333 2164 566 2256 apostolicam
584 2165 751 2238 emulans
772 2166 948 2238 neminem
969 2166 1006 2238 in
1023 2169 1082 2238 via
1103 2167 1227 2240 saluta·
1325 2225 1329 2232 .

163 2265 283 2356 verit,
308 2264 338 2335 ia
349 2262 515 2356 proferto
534 2266 641 2337 talem
659 2285 741 2338 eum
759 2262 994 2359 spectantibus
1014 2259 1226 2340 inhumanus
1307 2319 1309 2322 ψ

163 2363 234 2438 elle
258 2362 442 2437 videbitur
457 2388 473 2452 ;·
497 2367 660 2457 quicum
680 2362 844 2457 causam,
871 2384 935 2437 cur
955 2366 1002 2438 src
1023 2370 1083 2440 ille
1100 2368 1135 2438 in
1155 2368 1228 2440 ani·-

162 2485 259 2538 mum
277 2463 375 2537 suum
392 2463 575 2537 induxerit
591 2464 634 2537 ad
650 2463 850 2539 sermonem
867 2465 1047 2559 reserent,
1073 2483 1227 2563 propter

164 2563 312 2656 quernis
333 2563 419 2635 illud
436 2562 531 2637 visus
546 2562 596 2636 est
609 2585 736 2660 agere,
763 2585 810 2637 eo
829 2566 1073 2661 adducentur,
1100 2551 1140 2640 t‘rt
1158 2565 1227 2641 sera
1285 2645 1289 2654 ,

163 2684 308 2750 monem
326 2662 396 2735 Dei
412 2664 500 2735 odio
512 2666 688 2756 habeant,
716 2666 808 2755 quasi
826 2667 976 2763 agrestes
992 2689 1057 2741 eos
1076 2668 1228 2741 &inhu-

163 2783 290 2838 manos
308 2761 548 2855 efficientem,
577 2767 636 2855 qui
651 2765 703 2836 illi
717 2765 919 2855 adhaerent,
946 2768 1053 2858 &qui
1076 2766 1155 2839 ansa
1176 2769 1227 2842 in·

164 2864 207 2938 de
228 2878 371 2956 arrepta
386 2863 564 2937 neminem
586 2864 624 2935 in
645 2863 704 2934 via
723 2862 870 2957 salutat,
894 2865 1096 2940 is-m'ortcm
1121 2888 1228 2943 occa·
1312 2919 1321 2928 .

164 2964 264 3038 fiune
281 2965 433 3046 alittera
450 2963 598 3056 praebita
612 2964 791 3055 patietur,
818 2965 936 3037 littera
952 2969 984 3038 ei
1001 2983 1156 3041 mortem
1175 2970 1227 3041 in·

164 3064 316 3140 serente.
367 3061 405 3136 Si
420 3064 497 3154 quis
512 3065 631 3138 autem
648 3062 812 3136 dextrum
830 3068 974 3138 oculum
988 3081 1110 3158 cruat,
1133 3069 1227 3158 quast

165 3163 303 3238 causam
318 3161 380 3238 sibi
395 3161 476 3242 det,
503 3183 566 3235 cur
585 3163 678 3237 male
697 3163 862 3256 aspiciat,
891 3168 949 3237 vel
967 3165 1127 3243 dextram
1147 3189 1228 3256 cor·

163 3265 264 3358 puris
284 3283 454 3355 manum,
486 3265 547 3335 vel
569 3262 698 3356 pedem
721 3265 885 3338 dextrum
905 3285 1099 3358 carneum,
1132 3269 1228 3344 idem

162 3367 321 3457 patietur
335 3377 444 3455 atque
458 3364 503 3455 ii,
530 3364 748 3453 quialittera
758 3365 1156 3462 occidunturputpote
1167 3370 1229 3458 qui

162 3464 255 3538 intra
271 3463 426 3536 litteram
438 3459 473 3536 se
491 3463 734 3550 continuerit,
761 3466 896 3539 eumad
912 3464 1100 3557 spiritalem
1116 3467 1229 3542 diuos
1273 3507 1277 3514 ·

161 3583 242 3638 rum
265 3560 401 3637 sensum
430 3561 620 3642 ascendere
646 3561 830 3638 debuillet.
902 3564 999 3640 Non
1017 3567 1228 3643 dubitarunt

164 3679 263 3736 certe
277 3663 405 3755 aliqui,
433 3663 492 3753 qui
507 3664 613 3735 nobis
631 3661 912 3756 antecesserunt,
939 3664 1227 3766 causamscriptie

163 3761 229 3838 suis
246 3763 354 3854 dare,
380 3779 460 3836 curn
480 3778 631 3855 propter
649 3764 820 3836 coelorum
839 3784 988 3860 regnum
1010 3769 1151 3842 tertiam
1169 3771 1228 3840 ca'-

162 3859 372 4038 Ἓιξῃξω
384 3861 576 3960 nonnulli,
599 3863 783 3959 prioribus
804 3863 940 3939 duabus
959 3866 1125 3974 similem,
1151 3867 1227 3962 pati

164 3981 184 4035 a
275 3985 302 4038 u
650 4025 654 4032 .
694 4015 703 4024 --
992 3999 995 4008 ·
1215 4009 1218 4020 -

1039 4041 1080 4169 ᾗ,
1096 4062 1196 4145 ude
