2800 4567
200 339 204 346 -
330 311 395 389 ru
419 305 1086 392 urrunnun-sonunt
1176 331 1246 412 ars

176 472 340 548 confidat
352 476 436 573 ille,
463 497 482 546 a
496 473 576 566 Jesu
591 476 685 548 enim
700 474 844 548 minime
860 473 1023 566 ejicietur
1031 467 1188 569 ,lneque
1197 478 1242 552 de

173 578 283 647 rebus
303 576 346 646 ad
360 597 443 648 eum
459 574 720 664 pertinentibus
743 575 933 665 quidquam
948 587 1153 657 evertetur,
1180 596 1241 650 ne·

174 697 245 764 que
263 675 375 766 quasi,
401 676 460 765 qui
473 677 655 748 latronum
672 672 873 767 speluncam
897 674 1042 748 domum
1061 676 1238 749 orationis

169 775 323 863 fecerit,
351 768 470 847 uerbis
490 787 657 864 tanquam
675 776 768 845 latro
787 773 1029 871 castigabitur,
1058 795 1149 847 cum·
1165 777 1236 868 poe·

167 894 234 947 nas
261 875 415 963 dabunt,
443 872 501 965 qui
527 874 723 945 latrociniis
750 871 815 945 suis
844 874 1061 963 &nequitia
1088 878 1252 952 domum·

172 974 351 1047 orationis
366 975 545 1045 latronum
562 972 763 1064 speluncam
778 973 957 1050 fecerunt.
1025 981 1027 986 '
1158 997 1160 1002 ·

249 1092 305 1163 23.
332 1071 520 1162 Postquam
548 1093 633 1168 ergo
655 1074 896 1168 excogitatam
922 1093 942 1144 a
966 1069 1093 1172 nobis,
1117 1071 1151 1145 dt
1176 1092 1247 1145 eea

168 1172 281 1244 cleirac
307 1171 439 1264 duplici
464 1171 576 1244 modo
602 1172 812 1263 applicatam
839 1170 1101 1265 expositionem
1128 1172 1232 1264 super

165 1271 242 1344 boc
260 1275 347 1343 loco
368 1271 606 1362 tradidimus,
623 1270 792 1365 agedum,
820 1293 862 1343 an
885 1293 931 1345 eo
957 1290 1103 1362 quoque
1125 1271 1230 1363 pauo

165 1370 318 1465 intelligi
344 1370 492 1464 politur,
519 1391 597 1461 que
618 1371 691 1444 boc
716 1371 894 1445 habentur
918 1373 1026 1462 loco,
1060 1386 1231 1462 praeterea

165 1471 363 1544 videamus.
416 1470 521 1542 Haud
537 1469 637 1542 secus
660 1491 701 1542 ac
718 1471 883 1558 ecclesia,
910 1472 1118 1543 naturaliter
1143 1484 1231 1545 tem·

164 1567 264 1664 plum
281 1569 352 1642 Dei
378 1568 429 1641 est
443 1566 605 1640 universa
627 1585 754 1642 natura
772 1572 913 1643 ratione
930 1569 1097 1661 praedita,
1123 1572 1166 1642 ad
1192 1569 1228 1644 id

166 1683 305 1758 creata,
330 1681 372 1741 ut
394 1670 511 1760 capiat
535 1669 683 1764 gloriam
708 1668 798 1759 Dei,
826 1690 903 1760 quae
926 1666 1227 1759 Paralipomenon

164 1765 341 1852 secundo,
366 1766 401 1840 da
422 1771 533 1841 tertio
554 1766 696 1864 Regum
723 1768 796 1839 visa
822 1767 892 1841 effe
918 1768 956 1840 in
981 1768 1119 1857 templo
1145 1767 1228 1859 post

162 1867 268 1958 ipsius
293 1865 497 1940 struduram
522 1881 717 1954 narratur„
745 1867 784 1939 ld
808 1883 948 1958 autem,
975 1867 1072 1959 quod
1097 1879 1225 1941 natura

163 1963 287 2062 ¹suapte
307 1966 478 2059 templum
498 1965 567 2039 Dei
581 1964 653 2059 est,
680 1967 829 2040 animam
853 1966 1011 2056 scilicet,
1039 1966 1228 2039 vendenti·

160 2063 288 2139 buu&
313 2066 511 2140 ementibus
539 2065 839 2160 cogitationibus,
866 2068 900 2139 ἃ
926 2085 1158 2156 quaecumque
1181 2065 1225 2139 ad

161 2184 239 2238 rem
254 2165 484 2240 numulariani
499 2166 697 2261 pertinent,
708 2165 975 2238 attendentibus
991 2186 1059 2237 nos
1075 2185 1226 2256 peccan-

161 2277 218 2337 tes
237 2265 518 2358 complevimus;
546 2277 653 2356 atque
667 2265 743 2336 aliis
755 2266 864 2354 item,
890 2264 1146 2358 dumpeccatis
1163 2264 1221 2336 de-
1305 2349 1311 2360 .

157 2365 223 2437 diti
249 2361 386 2456 sumus,
419 2365 659 2437 vendentibus
684 2363 719 2436 dt
743 2364 1022 2456 nundinantibus
1049 2362 1243 2454 quidquid-

158 2461 312 2537 sanctum
327 2465 363 2538 in
379 2467 492 2562 anim—,a
509 2463 630 2538 nostra
644 2464 822 2555 reliquum
839 2462 927 2556 fuit,
954 2463 1051 2555 quod
1068 2476 1144 2535 erat
1159 2481 1221 2535 co·

157 2566 298 2654 lumba,
324 2566 552 2658 replevimus.
604 2563 678 2655 Qui
700 2583 788 2658 ergo
813 2565 970 2656 peccatis
985 2561 1109 2636 addicti
1125 2561 1217 2654 sunt,

159 2663 508 2760 &cogitationibus,
536 2683 613 2754 quae
626 2663 808 2735 latronum
822 2662 947 2737 srmiles
963 2661 1062 2752 suut,
1087 2662 1217 2755 repleti

155 2760 258 2854 suut,
277 2765 318 2844 iis¹
336 2763 385 2834 ait
399 2762 513 2856 Jesuat
540 2765 701 2854 Scriptum
717 2762 774 2856 gi:
802 2766 923 2832 Domm
937 2787 1014 2847 mea,
1030 2762 1133 2831 domus
1148 2786 1218 2831 ora·

154 2867 256 2935 tionis
270 2862 451 2947 occubitum
476 2887 534 2931 vor
553 2877 656 2932 nutam
672 2861 792 2956 fecistis
815 2864 900 2932 illam
919 2861 1094 2957 speluncam
1115 2861 1216 2929 latro·

153 2987 243 3036 num.
293 2960 472 3035 Latrones
492 2981 602 3054 ergo,
629 2962 688 3052 qui
712 2961 857 3034 domum
880 2960 1056 3033 orationis
1081 2958 1219 3050 spelun-

155 3083 234 3134 cam
252 3059 417 3134 fecerunt
432 3064 634 3154 latronum,
660 3061 797 3151 templo
820 3060 926 3151 ejecit
949 3058 1068 3153 Jesusa
1093 3073 1130 3131 at
1156 3057 1229 3149 qui.

152 3163 280 3234 eadem
293 3162 337 3234 de
353 3159 432 3255 Jesu
447 3158 616 3252 sentiunt,
636 3181 714 3251 que
729 3161 902 3250 latrones,
919 3158 964 3232 de
978 3157 1059 3253 Jesu
1073 3154 1216 3247 quidem

154 3262 342 3336 dixerunt:
373 3264 781 3355 Crucbigeffrucifigeeum·
809 3260 852 3331 de
868 3261 1011 3331 latrone
1026 3272 1142 3330 autem
1152 3255 1216 3327 Ba·

154 3362 285 3433 rabba:
315 3367 458 3432 Dimitte
472 3359 759 3432 nobicssanblam..
798 3357 982 3452 Quocirca
1000 3357 1041 3429 ad
1059 3359 1149 3430 hanc
1164 3355 1234 3429 use·

153 3481 226 3552 que
241 3461 333 3533 diem
347 3458 463 3554 Jesum
482 3460 622 3551 quidem
637 3477 713 3531 non
729 3458 862 3530 babent
876 3455 1007 3551 Judaei,
1023 3476 1102 3558 ¹nec
1119 3457 1215 3532 onim

151 3561 191 3634 in
201 3557 328 3635 Filium
345 3560 415 3632 Dei
431 3559 678 3646 crediderunt3
706 3573 742 3628 at
750 3559 927 3652 latronem
936 3555 1214 3648 Barabbam,qui

153 3657 200 3732 de
224 3659 461 3751 spiritualibus
481 3660 649 3750 nequitie
672 3655 743 3748 est,
764 3658 835 3748 jam
861 3654 1153 3747 comprehensum
1180 3654 1214 3726 da

149 3779 299 3832 carcere
316 3757 519 3832 conclusum
535 3757 651 3831 secum
667 3757 820 3844 babent,
847 3775 951 3846 quem
975 3754 1161 3828 adversum
1178 3752 1213 3826 se

153 3859 282 3934 dimitti
307 3857 598 3953 postulaverunt:
617 3871 825 3950 propterea
855 3853 1121 3929 incredulorum
1154 3851 1214 3946 Ju-

153 3957 311 4035 daeorum
328 3962 515 4053 imperium
531 3970 634 4033 tenet
632 3956 824 4128 debbas
840 3955 948 4039 latta.
1123 4055 1156 4122 U

482 4073 486 4080 '
679 4077 698 4128 a
727 4077 747 4154 3
1156 4076 1174 4120 t
