2800 4567
307 333 371 411 ru
395 334 763 440 narrantum
801 334 920 413 ron.
945 333 1082 414 xvu.
1149 321 1222 430 485
1282 344 1285 350 ’

157 523 249 601 pus,
274 496 333 573 sed
349 498 533 574 aetherium
555 498 648 572 aliud
665 519 707 574 ae
726 499 851 573 melius
870 498 1042 593 induens;
1067 497 1127 592 sed
1152 519 1223 575 nec

159 603 397 687 mllerubiliores
412 599 522 686 sumus
538 602 679 670 omullus
707 602 904 690 bominibus,
939 600 1130 674 flammam
1147 602 1222 690 qui·

159 704 242 774 dem
266 702 395 771 uivere
413 698 569 772 dicamus
592 721 633 773 ac
651 697 843 792 superesse,
868 700 941 771 hoc
957 704 1075 773 autem
1088 719 1221 792 corpus

160 802 224 894 ipsi
238 818 459 890 nequaquam
474 802 788 892 circumponatur,
813 800 972 890 illudque
987 798 1224 884 eamresume·

158 920 201 971 re
220 920 294 971 non
316 897 499 975 fateamur.
549 898 603 971 Ut
620 914 737 973 autem
751 898 934 974 sententiae
951 900 1034 972 huic
1047 902 1151 992 plane
1163 898 1224 970 ad·
1280 968 1288 994 Ι

159 998 293 1072 versari
320 999 502 1089 inpriore
527 1003 568 1074 ad
593 997 805 1071 Corinthios
832 997 1051 1091 Apostolum
1073 995 1243 1090 amplius·

160 1100 560 1191 comprobemus,-hoc
592 1099 696 1173 etiam
724 1113 867 1171 utemur
895 1100 1002 1173 loco:
1033 1102 1074 1169 Sl
1095 1106 1224 1168 omnino

159 1205 278 1271 mortui
303 1222 370 1266 uon
400 1200 584 1292 resurgunt,
610 1217 647 1268 ul
672 1200 749 1295 quid
775 1199 814 1275 ‘dl
831 1199 1042 1293 baptizantur
1057 1219 1115 1295 pra
1130 1190 1226 1267 illis?

159 1314 201 1372 ut
235 1300 309 1395 'quid
331 1295 370 1373 dl
385 1320 441 1366 uns
454 1302 670 1393 periclitamur
694 1304 780 1381 omni
794 1293 902 1369 harad·
920 1318 1067 1371 necnon
1087 1298 1223 1370 suillo:

160 1403 202 1469 Si
215 1399 399 1488 (secuudum
407 1399 885 1496 homiuem)adle]iiarpugnavi
900 1399 1034 1495 Epiust,
1060 1400 1137 1495 quid
1143 1398 1226 1465 mili
1283 1394 1287 1415 ’“

158 1499 296 1596 prodest,
315 1500 477 1592 fimortur'
495 1525 558 1571 nou
577 1495 772 1593 resurgunt?
795 1501 1012 1570 manducemus
1027 1495 1226 1585 (nbilam,
1281 1536 1286 1543 ·

143 1624 229 1669 -cras
249 1604 333 1668 enim
343 1604 515 1669 moriemur.
566 1600 704 1674 Demus
714 1598 941 1706 enimuerum
958 1596 1027 1671 else
1041 1593 1139 1689 quod
1150 1617 1226 1669 cre·

161 1698 252 1771 dunt
276 1699 397 1788 multi,
438 1696 567 1795 dogma
590 1698 1126 1774 resurreuioaemmortuorum
1143 1694 1226 1769 alse-

160 1819 243 1870 rens
263 1795 386 1882 salsum
412 1796 500 1890 eise,
528 1800 714 1890 quomodo
736 1799 820 1871 inde
842 1796 999 1887 sequitur
1016 1795 1142 1868 frustra
1157 1816 1225 1868 nos

160 1918 233 1992 pro
251 1887 442 1970 animarum
456 1898 654 1973 nostrarum
672 1898 782 1971 salute
807 1898 1032 1971 decertantes
1047 1896 1228 1989 periclita-

161 1996 221 2069 ris
249 1996 434 2085 quomodo
458 2001 543 2071 item
568 2000 655 2070 nihil
675 1999 735 2070 ille
752 1998 983 2069 emolumenti
995 1998 1139 2092 rapiet,
1166 1993 1228 2086 qui

162 2094 331 2176 adversus
349 2094 473 2170 bestias
492 2119 561 2190 pro
584 2095 724 2170 Christo
741 2093 983 2191 pugnaverit?
1009 2088 1226 2187 promerito

134 2222 136 2226 ’
160 2194 422 2287 administrata,
447 2199 544 2289 prius
555 2213 671 2269 autem
687 2216 820 2287 corpus
830 2216 906 2267 non
921 2193 1084 2269 resumat.
1125 2197 1226 2293 ,Quo

160 2299 250 2369 item
263 2292 365 2386 pano
383 2298 513 2371 etiamsi
524 2298 666 2370 minime
681 2296 803 2369 futura
817 2295 859 2370 fit
870 2296 982 2386 carpis
997 2291 1226 2384 resurreetio,

160 2396 241 2489 haejc
252 2395 336 2466 inde
352 2395 566 2469 consedistia
578 2394 677 2471 sunt:
698 2377 974 2469 Manducemus&
984 2396 1135 2479 libamus,
1156 2418 1228 2463 cras

161 2500 249 2566 enim
265 2492 453 2569 moriemur?
501 2498 593 2572 Haec
608 2511 725 2570 autern
741 2507 937 2589 propterea
953 2513 1032 2568 non
1044 2492 1227 2585 dicimus,

166 2590 386 2694 quonfiuem
397 2596 438 2668 iis
455 2595 715 2686 detredlemus,
741 2616 818 2686 quae
832 2596 886 2669 his
904 2593 997 2687 apud
1013 2592 1133 2669 isaiam
1147 2611 1228 2664 ver·

162 2694 222 2770 bis
245 2694 447 2787 conscripta
464 2695 562 2768 sunt:
619 2696 747 2767 Videbit
771 2690 873 2765 omnis
893 2719 962 2765 caru
975 2694 1121 2783 salutare
1141 2696 1231 2780 Dai3

165 2794 231 2867 vel
245 2795 343 2885 quod
358 2795 508 2869 habetur
524 2795 561 2868 in
577 2795 667 2891 Job:
693 2798 785 2887 Quia
799 2813 954 2881 aternus,
981 2794 1229 2890 persolverem

166 2896 252 2967 debet
266 2894 356 2989 [uper
373 2913 508 2985 terram,
535 2895 572 2972 θ
594 2895 743 2989 suscitare
761 2897 868 2990 pedem
889 2917 1004 2980 meam,
1030 2918 1098 2989 que
1113 2892 1229 2985 tolerpt

167 2997 256 3079 λαις
283 3015 399 3083 neque
413 2993 493 3070 sane
511 2992 787 3087 Apostolidiito
804 2991 909 3068 fidem
923 3012 1109 3087 negamus,
1130 2989 1229 3082 qued
1294 3045 1297 3064 ,

170 3096 243 3166 tale
264 3092 333 3165 est:
364 3096 554 3188 lsivificaln
569 3096 717 3166 ruorralia
739 3115 867 3191 corpora
886 3094 1009 3188 vestra,
1029 3102 1162 3187 propter
1178 3099 1229 3160 in·

166 3196 367 3267 habitantem
382 3196 537 3294 spirirum
562 3200 628 3290 ejus
651 3203 688 3268 lu
706 3196 819 3276 volis,
843 3192 900 3266 sed
923 3212 992 3284 pro
1017 3193 1109 3264 virili
1127 3206 1230 3283 parte

147 3299 150 3304 ’
169 3293 277 3368 vocis
292 3294 414 3388 hujus,
440 3295 671 3386 resurreetio,
697 3292 990 3391 significationem
1010 3293 1048 3383 in
1065 3288 1229 3385 praesenti

170 3394 349 3487 evangelii
372 3398 458 3467 loco
480 3397 698 3489 propositam
724 3414 977 3489 repurgemus:
998 3394 1107 3465 ,unde
1129 3390 1161 3462 u
1183 3411 1230 3461 ex
1302 3391 1305 3398 '

171 3496 296 3589 priore
318 3492 360 3565 ad
376 3492 588 3570 Corinthios
605 3496 818 3588 deprompta
833 3494 1072 3589 allegavimus.
1123 3492 1231 3576 Acces-

166 3598 289 3687 serunt
303 3618 369 3685 ergo
387 3601 424 3664 ad
446 3597 556 3691 Jesum
580 3599 761 3675 Sadducaei,
790 3599 847 3686 qui
865 3596 1002 3663 lia-elam
1022 3617 1087 3661 non
1107 3587 1159 3682 effe
1182 3614 1231 3662 re·

171 3690 426 3785 [urredionsma
443 3715 516 3784 quo
536 3697 699 3772 nimirum
720 3692 817 3767 sensu
839 3689 1104 3766 resurreslionis
1123 3710 1232 3762 uoca-

172 3796 325 3881 bulum,
352 3796 405 3865 uti
425 3794 661 3886 tradidimus,
688 3794 931 3887 usurpabant,
958 3793 995 3867 dn
1017 3802 1232 3881 interrogaue-

178 3893 479 3979 auur-Dominum
502 3893 689 4073 nostrum&
703 3898 879 4071 hdiceules,
921 3890 1046 3985 Moyses
1071 3895 1177 4005 dixit,
1204 3886 1233 3987 fi

753 4016 772 4089 3
1112 4016 1183 4090 qun
1241 4077 1247 4089 ,
