2800 4567
279 275 287 334 ;
321 257 387 372 ru
409 223 932 344 marmanum-roa.
957 259 1081 340 auu.-
1156 283 1225 364 ιο,

154 419 508 515 Fetmsinduxiffet,
519 447 556 502 e
571 425 731 519 peccatis
742 425 778 498 in
790 424 825 498 se
839 424 984 500 admistis
1004 411 1140 522 septem
1156 427 1224 504 fra·

154 524 204 595 tri
220 524 407 619 ignoscere
436 525 608 602 voluerit.
661 528 845 624 Quoniam
868 539 1010 616 autem,
1046 548 1123 618 quae
1145 525 1222 612 unia

152 624 532 717 tatibusrespondent
549 626 701 700 decades
723 625 757 697 dr
782 626 1066 717 hecatontades,
1093 625 1137 698 ad
1157 647 1222 706 nus

150 743 313 818 merum,
339 725 400 816 qui
419 727 456 797 in
475 725 673 800 unitatibus
689 726 900 801 continetur
919 745 1147 800 communem
1161 725 1221 806 alia

153 841 262 914 quarn
290 825 571 918 proportionem
605 824 775 915 servant,
808 822 941 899 sciebat
972 840 1092 900 autem
1121 824 1220 920 Jesus

148 923 254 1016 plura
277 924 361 998 huic
382 924 538 997 additum
556 926 626 1014 iri3
663 939 860 1019 propterea
875 926 917 998 ad
933 944 1120 1000 numerum
1144 923 1220 1020 sep,

151 1022 330 1096 tonarium
355 1025 549 1119 adiungere
571 1026 668 1104 hunc
691 1027 798 1098 etiam
820 1024 1125 1121 septuagenarium
1145 1025 1218 1110 exi,

147 1117 276 1203 mmo,
298 1122 335 1196 dr
348 1122 517 1198 fratribus
534 1123 594 1198 hic
607 1126 842 1222 degentibus,
870 1125 960 1198 &iu
974 1125 1095 1198 mundi
1109 1125 1215 1216 hujus

149 1222 307 1318 negotiis
336 1225 568 1316 peccantibus
596 1225 739 1300 veniam
764 1225 1033 1298 concedendam
1056 1245 1218 1317 pronunq
1267 1229 1269 1234 ’

148 1321 249 1396 titre.
296 1322 454 1418 Quodsi
479 1325 555 1413 quis
578 1345 620 1396 ea
643 1323 928 1420 praetergressus,
958 1345 1036 1415 quae
1055 1324 1091 1398 in
1115 1344 1218 1418 mun·¹

85 1447 92 1464 ν
149 1417 393 1508 dost-sarculo
416 1423 534 1496 hocce
551 1437 730 1518 aguntur,
762 1427 989 1516 peccaverim
1016 1423 1148 1498 etiamst
1166 1423 1215 1500 la

85 1569 89 1586 ·
149 1537 196 1594 ve
209 1518 384 1612 illrrssdfit,
406 1521 533 1614 justam
548 1539 783 1615 peccatorum
802 1523 1037 1600 remissionem
1054 1544 1129 1618 non
1143 1544 1214 1598 arn·

90 1621 95 1654 ²
148 1619 490 1716 plittndipiscetur3
516 1623 667 1699 remidio
683 1626 780 1700 enim
797 1623 872 1700 slve
889 1621 997 1698 serius
1016 1621 1214 1700 fivecitius

85 1671 105 1808 s
149 1717 334 1802 concessa,
358 1722 402 1794 ad
418 1742 476 1794 res
489 1721 551 1794 hic
566 1721 705 1819 gestas,
732 1724 932 1816 &peccata
950 1725 987 1794 in
1002 1719 1097 1796 hisce
1118 1723 1212 1808 locis

85 1779 104 1894 s
150 1817 472 1914 admissa-pertinet.
523 1821 586 1896 Ne
607 1822 708 1898 fratri
726 1824 869 1914 quidem
885 1825 1012 1920 igitur,
1039 1821 1098 1914 qui
1116 1821 1214 1916 pluss

151 1935 253 2018 qoam
271 1917 470 2016 septuagies
488 1919 617 2012 septies
637 1924 871 2016 peccaverit,
897 1925 1004 1996 venia
1027 1919 1212 2008 condonas

149 2029 216 2094 tor.
267 2017 412 2094 Dixeris
430 2034 550 2094 autem
568 2041 670 2104 eum,
696 2022 818 2113 quiite
832 2022 1043 2116 peccaverit
1059 2022 1118 2096 vel
1134 2036 1211 2098 tana

85 2185 88 2198 .
151 2137 250 2208 quam
269 2119 307 2192 in
323 2117 494 2212 Petrum,
521 2122 581 2214 qui
596 2120 707 2194 frater
726 2120 793 2200 stt,
819 2123 880 2194 vel
898 2135 1066 2213 tanquam
1088 2123 1125 2194 in
1144 2117 1210 2212 Pes

85 2245 92 2267 =
150 2227 263 2310 mrim,
298 2219 399 2312 cuius
425 2232 542 2312 portae
568 2220 674 2294 inferi
691 2241 767 2295 non
789 2221 1007 2314 prevalent,
1033 2240 1099 2311 per
1118 2220 1209 2311 ejus·

150 2317 401 2411 nodipeceate
416 2318 454 2392 in
466 2318 598 2394 minori
608 2338 690 2394 eum
706 2340 859 2395 numero
876 2334 1208 2413 peccatorumcon·

151 2411 260 2506 stitui3
287 2417 346 2491 sed
360 2438 425 2511 per
439 2419 583 2512 peJ'ores
602 2439 745 2512 noxas,
770 2419 808 2494 in
828 2440 875 2494 eo
894 2418 1064 2494 constitui
1084 2438 1207 2492 numo

103 2501 110 2635 ξ
151 2533 208 2609 to,
235 2517 297 2612 qui
311 2517 498 2594 criminum
513 2521 661 2618 gratiam
676 2519 821 2596 minime
838 2517 1091 2612 consequatur.
1200 2525 1213 2578 ’.

104 2638 109 2672 i

87 1997 94 2030 b

85 2675 110 2872 Ἴ
155 2707 344 2823 Detege,
375 2715 441 2826 poi
457 2713 578 2803 voluit
593 2719 783 2804 rationem
803 2732 946 2825 ponere
969 2740 1055 2802 cum
1070 2705 1206 2828 servis

142 2819 231 2941 sais,
259 2830 309 2913 ad
325 2853 437 2942 quem
454 2832 577 2916 decem
600 2832 697 2916 atille
720 2827 954 2917 talentorum
976 2853 1118 2915 nonan
1141 2829 1204 2914 ad·

550 2939 708 3030 dossum
732 2939 805 3056 est.-

212 3117 247 3192 6.
277 3116 346 3190 laea
358 3117 423 3188 dico
434 3118 548 3208 vobiss·
571 3116 776 3210 asfamilatum
793 3117 834 3218 est
847 3141 977 3213 regnum
994 3117 1137 3208 cesorum
1147 3115 1201 3208 stag

146 3221 224 3288 otiari
239 3221 321 3311 regi,
346 3221 403 3313 qai
417 3220 523 3304 voluit
545 3225 699 3290 rationem
712 3240 824 3314 ponere
838 3245 907 3290 cum
915 3218 1111 3307 sesoostris.
1140 3217 1202 3292 Ad

144 3312 282 3408 injurias
296 3318 337 3388 iis
356 3317 462 3394 facile
477 3319 758 3410 condonandas,
786 3321 947 3411 aquibus
965 3317 1202 3393 offensionem

85 3477 88 3492 .
144 3415 219 3508 paffi
237 3415 428 3506 fuerimus,
455 3440 521 3490 nos
540 3420 679 3492 instruit
697 3421 878 3509 parabola
896 3418 1071 3492 sententia
1089 3437 1130 3490 ac
1149 3419 1201 3490 in·

89 3501 101 3666 l
144 3513 295 3604 format3
327 3517 518 3609 praesertim
544 3519 568 3590 sr
591 3518 673 3610 post
695 3519 826 3592 illatam
845 3520 1032 3610 injuriam,
1059 3517 1210 3610 peccati,

89 3679 94 3702 ,
143 3617 285 3710 matiam
303 3619 346 3689 ab
362 3638 438 3710 eo,
465 3617 523 3714 qui
540 3615 653 3712 passus
672 3616 743 3709 est,
774 3617 804 3690 is
822 3617 1007 3710 postulet,
1034 3619 1093 3708 qui
1108 3619 1202 3710 intus

89 3711 99 3806 s
131 3703 191 3791 'iit
241 3713 367 3807 Atque
382 3716 417 3788 id
437 3717 580 3807 quidem
603 3738 672 3789 nos
687 3718 823 3790 docere
841 3720 923 3788 vult
943 3717 1136 3809 parabola,
1161 3715 1201 3814 st·

140 3811 453 3910 gnificens'eorum
466 3819 572 3892 etiam
586 3831 841 3912 peccatorum,
870 3839 946 3909 quae
961 3819 1065 3890 nobis
1080 3837 1098 3887 a
1116 3814 1200 3892 Deo

142 3915 349 4020 condonata
362 3913 464 4010 sunt,
491 3915 525 3992 ds
544 3935 698 4088 quorugr
714 3917 855 3992 veniam
871 3919 1056 4014 promeriti
1069 3911 1200 4012 sumus,

85 4007 97 4348 f
260 4065 267 4076 .
717 4035 743 4107 4
1082 4033 1152 4086 noa
