2800 4567
224 301 288 380 IN
311 299 686 380 MATTHAEUM
716 299 839 397 Tou.
865 302 982 384 xvt.
1066 325 1136 406 309

152 465 213 557 qui
228 467 264 538 in
279 486 345 539 eos
361 466 545 559 imperium
562 479 687 539 tenere
705 466 886 556 videntur,
905 465 1049 552 subditis¹
1065 465 1133 544 suit

136 567 248 639 ninari
267 585 344 637 non
362 559 547 655 contenti,
574 563 695 638 durius
718 565 796 659 ipsit
815 568 988 658 imperare
1007 570 1133 642 volen-

135 719 148 758 ,
173 665 247 759 per'
264 665 337 740 vim
364 686 428 737 eos
454 661 636 760 subigunt:
668 666 965 756 quemadmodum
991 666 1025 740 u
1049 689 1132 764 gen·

136 787 163 838 n
185 765 377 857 optimates
398 764 434 836 in
449 764 533 835 vitae
545 765 694 856 hujusce
711 764 939 861 dignitatibus
960 763 1038 838 satis
1057 765 1135 844 non

135 866 254 936 tentin
272 860 446 955 subjectos
461 862 676 955 potestatem
691 863 837 946 habere,
846 862 904 939 sed
921 881 1049 938 contra
1066 886 1130 939 eos

135 978 296 1058 ugentes
314 961 494 1056 potestate
510 959 569 1036 suo
584 964 798 1052 abutuntur3
826 979 862 1037 at
876 967 968 1039 inter
982 985 1055 1044 uos¹
1070 962 1132 1038 dis·

135 1064 214 1136 ulos
231 1083 332 1138 meos
348 1063 425 1136 haec
440 1063 490 1135 ita
505 1062 539 1135 se
556 1083 632 1136 non
649 1064 829 1153 habent03
862 1083 978 1156 neque
1005 1065 1132 1156 quibus

135 1162 218 1254 quod
233 1162 400 1235 traditum
413 1163 450 1235 in
466 1181 531 1234 eos
548 1161 600 1236 est
613 1162 819 1255 imperium,
848 1169 907 1256 qui
927 1165 1010 1239 mihi
1025 1161 1130 1238 fidem

135 1277 227 1353 rent,
254 1264 315 1335 vel
330 1262 481 1356 aliquam
497 1262 534 1334 in
553 1261 662 1334 Patris
679 1265 749 1337 mei
768 1263 800 1335 dt
817 1263 886 1336 Dei
904 1263 1049 1337 eeclesia
1064 1284 1131 1356 po·

134 1373 234 1434 utem
249 1362 382 1436 babere
400 1363 613 1452 creduntur,
638 1361 807 1436 fratribus
823 1361 889 1436 suis
910 1365 1130 1456 impotenter
1151 1423 1153 1430 .

134 1474 296 1552 teranto,
321 1461 356 1532 dr
372 1477 500 1552 praeter
517 1462 574 1554 jus
593 1459 627 1534 u
643 1482 780 1550 aequum
798 1483 862 1536 eos
876 1477 1051 1558 regante,
1071 1462 1131 1553 qui

134 1562 266 1634 cultum
279 1560 365 1632 Deo
377 1581 442 1652 per
458 1583 515 1634 me
530 1560 769 1634 exhibendum
786 1561 1046 1658 confugerunt:
1072 1560 1130 1635 sed
1198 1635 1201 1648 ,
1280 1593 1282 1598 ·

137 1659 300 1751 uirrpud
315 1660 454 1732 Patrem
473 1680 591 1734 meum
606 1681 751 1758 magnus
768 1661 890 1734 haberi
907 1664 999 1753 vult,
1017 1659 1130 1734 &fra-

134 1780 187 1831 rus
210 1755 278 1832 suis
302 1759 545 1853 praestantior,
571 1761 738 1834 omnibus
756 1757 974 1851 ministrato,
1003 1761 1130 1852 quibus

134 1857 268 1948 iorelie
279 1859 479 1934 contendit.
506 1858 657 1958 Quodsi
678 1862 755 1950 quis
771 1861 898 1952 primas
915 1857 1019 1933 etiam
1038 1859 1131 1952 apud

144 1974 271 2031 tenere
288 1959 543 2052 poteremur,
568 1954 603 2030 se
620 1959 752 2032 nemini
770 1960 951 2053 praelatum
968 1960 1009 2031 iri
1025 1956 1131 2053 sciat,

148 2079 232 2133 cum
249 2056 381 2131 servire
395 2059 571 2150 potuerit,
584 2058 730 2131 minime
747 2071 865 2132 tamen
888 2056 1050 2132 servierit
1066 2057 1131 2132 ser·

133 2174 228 2232 ntern
252 2159 289 2229 in
311 2157 483 2231 modestia
506 2155 728 2230 &laudabili
750 2159 947 2230 humilitate
967 2158 1132 2250 positam,

133 2277 222 2347 eque
242 2256 411 2330 servienti
425 2254 614 2351 prodent,
640 2275 705 2330 eos
722 2270 839 2332 autem
855 2258 983 2348 juvare
1000 2256 1032 2330 dc
1051 2254 1132 2328 reli·

133 2381 157 2436 :e
180 2357 306 2449 pellit,
332 2359 459 2448 quibus
477 2354 549 2450 ipsa
566 2355 767 2431 exhibetur.
823 2354 878 2428 At
897 2357 1011 2430 Lucos
1030 2376 1132 2450 reges

132 2459 285 2554 gentium
300 2456 467 2530 dominos
482 2457 652 2531 oratione
667 2453 725 2529 sua
741 2454 1034 2548 comprehendit,
1051 2476 1133 2532 euru

134 2577 255 2630 errent
265 2608 289 2656 ,Ι
304 2556 363 2647 qui
378 2559 473 2656 inter
487 2556 614 2640 fratrer
632 2557 747 2647 major
764 2553 834 2628 else
849 2557 1031 2647 voluerit,
1059 2574 1133 2646 quo

132 2677 188 2730 rus
201 2653 334 2750 regium
349 2654 586 2750 potestatem,
602 2657 664 2727 vel
679 2654 775 2751 palpi
792 2656 1022 2749 cupiditatem
1037 2656 1133 2746 prin·

132 2757 209 2829 ibus
223 2752 356 2828 inlitam
371 2756 551 2844 imitetur3
576 2754 613 2827 id
629 2775 697 2826 nos
716 2754 890 2846 edocent,
905 2768 947 2826 ut
963 2753 1022 2845 qui
1040 2755 1142 2824 inter'

132 2877 142 2928 t
162 2855 276 2948 major
293 2875 423 2929 revera
438 2853 508 2936 est,
531 2849 595 2927 fiat
609 2853 698 2926 sicut
709 2853 853 2944 junior,
879 2853 952 2926 hoc
968 2851 1031 2942 est,
1045 2852 1135 2924 sicut

132 2956 214 3028 ellus
227 2967 377 3048 propter
389 2954 665 3049 simplicitatem,
691 2951 933 3045 &propterea
948 2951 1045 3044 quod
1060 2948 1135 3022 aliis

131 3073 254 3146 nquam
280 3051 315 3126 se
338 3053 535 3128 anteferat:
559 3053 726 3148 princeps
742 3072 833 3125 vero
859 3049 929 3141 (stc
944 3063 1061 3124 autem
1077 3069 1134 3142 ap·

132 3153 276 3227 landum
293 3150 477 3246 existim0‚
504 3153 563 3244 qui
581 3156 620 3226 in
636 3151 793 3225 ecclesiis
818 3149 1006 3246 episcopus
1025 3167 1134 3221 voct-
1223 3185 1226 3196 ·

133 3261 333 3346 )tanqurm
351 3255 410 3344 qui
426 3251 702 3328 ministrantibus
714 3248 898 3326 ministret.
924 3247 1046 3340 Atque
1060 3249 1135 3320 haec

131 3351 218 3426 idem
239 3351 352 3426 docet
372 3373 442 3425 nos
463 3352 534 3426 Dei
549 3353 729 3427 Verbum:
755 3371 824 3423 nor
845 3363 962 3424 autem
978 3348 1053 3421 srve
1070 3348 1134 3420 do·

131 3456 195 3528 inae
216 3452 289 3526 hoc
310 3453 398 3526 loco
421 3450 559 3528 trudito
579 3449 790 3528 sententiam
813 3471 888 3524 non
903 3447 1135 3539 adequamur,

131 3573 151 3626 e
177 3553 262 3626 talia
281 3550 485 3626 Servetorir
504 3549 729 3648 rspernemur
744 3561 941 3645 praecrptr,
969 3548 1057 3620 teies
1084 3543 1136 3620 su-

130 3673 168 3743 n,
195 3664 237 3724 ut
252 3649 539 3744 neqdillitnorum
553 3653 649 3726 inter
660 3665 788 3746 gentes
801 3649 1000 3743 principum
1019 3644 1136 3738 super·

130 3775 168 3826 m
185 3751 376 3842 aliquando
393 3749 618 3845 lueremus,
644 3749 680 3823 u
693 3745 860 3823 satellites
876 3747 970 3821 haud
986 3742 1083 3817 secus
1094 3763 1136 3816 ac

130 3871 178 3947 ges
204 3865 342 3925 tantum
366 3870 442 3925 non
465 3852 736 3943 conquiramus:
768 3849 980 3940 quinetiam
1004 3865 1072 3917 nos
1092 3841 1136 3914 nd

130 3969 260 4028 rorem
275 3965 538 4046 componentes
547 4001 590 4125 ‚v
586 3947 819 4044 difficilesque
843 3948 888 4024 ed
910 3965 981 4022 nor
1008 3943 1139 4034 aditur,

616 4071 640 4144 3
956 4061 1090 4138 paupe·
