2800 4567
305 309 373 391 ru
398 309 772 390 MATTHAEUM
803 305 924 388 Tou.
949 257 1083 389 xum.
1151 331 1228 413 459

160 479 222 570 qui
241 476 288 551 fic
302 476 431 550 habet·
460 471 669 566 Citariff
604 484 648 545 mi
668 497 672 504 ·
694 498 785 547 nunc
797 474 861 562 filii
878 478 942 547 Dei
952 476 990 565 su
972 499 1073 564 umus,
1089 473 1129 553 ϋ
1144 500 1227 548 non·

157 584 230 651 dum
247 581 414 675 apparuit,
439 578 517 671 quod
533 581 664 649 rrimus:
694 576 837 667 scimus‚¹
850 581 1019 671 quoniam,
1045 601 1115 668 cum
1129 598 1227 675 appa·
1314 585 1315 592 ’

160 684 284 755 ruerit,
302 678 461 774 fimiles
434 702 462 747 rr
477 684 612 760 erimus,
637 682 786 773 quoniam
802 676 907 747 videb‘
895 701 1055 747 rmuseum
1057 678 1224 775 ,βεκκεῤ

158 781 288 851 eodem
302 777 439 851 modo
430 777 656 870 interpretari
673 775 789 872 posits
843 774 954 849 Nunc
979 779 1072 849 enim
1094 776 1225 871 etiam,

158 877 295 972 fidigni
315 878 528 970 habeamur,
556 877 619 993 qui·
640 874 757 949 Deum
779 890 902 950 mente
923 874 1085 948 &corde
1100 896 1227 950 cerna-

160 999 262 1066 mus,
295 997 378 1060 eum
397 987 515 1048 tamen
534 976 700 1058 minime,
724 975 824 1049 sicuti
844 974 914 1068 est,
941 977 1139 1068 cernimus,
1165 975 1227 1049 sed

160 1079 273 1167 qualis
290 1074 435 1171 regendi
451 1072 562 1149 nostri
577 1073 678 1148 causa
693 1076 801 1147 nobis
817 1074 989 1165 efficitur,
1007 1091 1044 1148 at
1055 1076 1093 1148 in
1104 1096 1233 1151 rerum*

159 1176 257 1269 fine,
284 1176 318 1249 δι
340 1175 500 1249 omnium
520 1193 646 1250 eorum
668 1173 919 1256 restitutione,
945 1198 1024 1266 quae
1044 1178 1164 1250 locutus
1186 1177 1228 1273 qi

155 1297 214 1375 per
237 1302 269 1347 os
289 1272 489 1366 saniiorum,
513 1280 571 1372 qui
593 1301 613 1348 a
638 1275 743 1361 [uculo
763 1276 867 1363 sunt,
889 1276 1114 1373 prophetarum
1138 1279 1227 1375 rjus,
1270 1293 1272 1298 '

160 1396 265 1465 eum,
290 1373 438 1464 nonii,
466 1373 562 1466 quod
587 1394 665 1450 non
691 1372 762 1465 est,
784 1376 1225 1469 quemadmodumque,

160 1474 385 1650 videbimur,
412 1472 495 1548 sed
485 1489 554 1569 tta,
578 1487 621 1548 ut
644 1489 732 1548 tunc
757 1494 821 1568 par
846 1477 936 1569 erit,
961 1476 1019 1568 id,
1045 1476 1144 1570 quod
1168 1497 1226 1550 re-

160 1595 250 1649 vera
274 1588 308 1648 et

238 1697 297 1751 20
322 1672 512 1765 Postquam
531 1694 572 1746 ee
589 1674 625 1746 in
641 1672 739 1747 hunc
755 1675 895 1748 locumz
921 1675 1033 1746 Simile
1041 1674 1227 1772 fatiumqi

161 1799 293 1868 regnum
305 1774 448 1846 culorum
464 1776 587 1844 homini
602 1780 678 1867 regi,
695 1772 956 1856 edifferuimm,
982 1775 1119 1848 causam
1138 1796 1229 1867 quo·

164 1895 235 1966 que
253 1873 412 1966 reperire
431 1872 632 1968 possumus,
657 1888 808 1966 propter
824 1894 927 1964 quam
943 1872 1009 1949 υἱον
1024 1895 1088 1948 του
1104 1873 1230 1975 rivipu-

162 2001 236 2050 που
258 1972 403 2069 (Filium
417 1972 594 2070 hominis)
619 1976 679 2045 vei
697 1969 763 2047 υἱον
781 1972 975 2076 ἄνθρωπον
994 1972 1142 2069 (Filium
1160 1978 1236 2072 hog

163 2075 290 2171 minis)
317 2069 438 2165 seipse
454 2071 656 2167 Sospitator
680 2072 889 2164 frequenter
910 2076 1086 2168 appellat,
1112 2076 1231 2148 decla·

165 2194 269 2265 rens,
292 2173 415 2265 -‚quod
442 2172 739 2263 quemadmodum
757 2174 941 2246 hominum
960 2194 1079 2248 euram
1098 2195 1227 2271 gerens
1292 2195 1295 2206 ’

161 2273 265 2347 Deus
280 2272 417 2346 homo
408 2293 445 2346 rn
460 2273 639 2365 parabolis
652 2272 799 2365 dicitur,
822 2272 856 2344 &
871 2276 1140 2370 quodammodo
1154 2274 1229 2347 ior·

162 2372 250 2446 taffe
266 2371 436 2461 efficitur3
464 2375 513 2444 ite
529 2374 564 2445 ἂ
580 2370 780 2465 Servatur,
807 2373 867 2466 qui
886 2372 995 2448 Filius
1018 2360 1087 2448 Dei
1108 2376 1226 2489 primu

166 2472 404 2567 &praecipue
429 2470 500 2561 est,
527 2473 629 2546 Deus
655 2492 800 2564 quoque
826 2470 898 2564 est,
925 2471 1074 2547 &filius
1096 2476 1227 2548 amoris
1301 2479 1304 2486 '

168 2571 297 2665 ipsius,
324 2574 384 2644 δι’
371 2584 467 2669 mago
484 2576 548 2644 Dei
564 2573 755 2669 invifiiiiisp
781 2572 867 2645 sed
857 2594 894 2645 m
910 2593 978 2664 eo,
998 2574 1095 2664 quod
1110 2579 1237 2669 primo¹

167 2670 241 2764 ipse
269 2692 310 2743 ac
336 2673 514 2764 praecipue
537 2669 606 2757 est,
631 2693 707 2745 non
730 2685 938 2765 permanet3
964 2688 1000 2743 at
1017 2675 1120 2763 juxta
1135 2673 1230 2746 illiue

168 2770 529 2863 administrationem,
555 2789 613 2864 qur
604 2771 768 2844 homo
758 2791 795 2841 m
811 2774 988 2863 parabolis
1002 2773 1150 2855 dicitur,
1173 2793 1231 2845 re·
1231 2761 1243 2794 ²

166 2892 255 2945 vera
273 2883 391 2946 autem
406 2869 508 2943 Deus
526 2868 595 2952 est,
620 2869 730 2944 Filius
746 2868 900 2943 hominis
919 2868 1084 2964 efficitur,
1091 2874 1231 2945 imitan-

168 2971 218 3044 do
240 2969 378 3060 Deum,
406 2991 487 3042 cum
509 2970 672 3045 homines
699 2973 809 3063 regit,
836 2971 896 3060 qui
917 2974 953 3042 in
969 2973 1147 3064 parabolis
1170 2993 1230 3066 ap·

167 3071 323 3162 pellatur
346 3070 483 3159 homo,
509 3070 679 3161 &aliquo
695 3069 808 3142 modo
825 3067 988 3146 efficitur
1041 3071 1124 3143 Nec
1150 3068 1232 3144 sane

166 3170 282 3243 homo
300 3170 422 3260 aliquis
440 3170 649 3259 quaerendus
665 3168 736 3251 est,
761 3169 939 3263 ipsiusque
952 3167 1044 3243 filius
1058 3171 1229 3245 dicendus

169 3268 221 3343 est
236 3269 432 3359 Servatur,
458 3266 518 3342 sed
531 3270 598 3343 hac
614 3268 685 3344 Dei
700 3270 855 3342 notione
869 3269 1014 3351 stando,
1033 3270 1231 3363 &parabo-

169 3371 243 3459 las,
259 3390 337 3459 quae
352 3367 463 3459 ipsum
475 3369 658 3443 hominem
673 3366 744 3440 effe
759 3365 927 3460 sciscunt,
949 3368 1130 3460 sequendo
1143 3392 1232 3463 pru-

170 3468 298 3548 denter
314 3468 466 3541 &cuute
480 3467 730 3563 intelligendus
748 3464 818 3560 est,
845 3490 925 3542 eum
935 3469 1061 3552 Filium
1074 3471 1228 3545 hominis

168 3566 206 3642 se
219 3567 291 3662 ipse
306 3568 471 3663 appellat.
521 3566 631 3659 Apud
651 3587 720 3639 nos
740 3588 828 3662 ergo
845 3570 1031 3660 homines,
1048 3570 1150 3666 fimiir
1170 3570 1230 3663 fa-

171 3668 258 3747 fium
273 3667 310 3763 esi
327 3691 455 3762 regnum
471 3669 610 3739 culorum
624 3668 749 3736 lumini
763 3692 825 3761 reg
815 3672 845 3754 '3
879 3670 972 3762 apud
999 3691 1063 3742 eos
1091 3685 1230 3762 autem,

173 3789 234 3858 qur
225 3767 323 3840 '‘dii
313 3787 350 3840 tn
366 3768 544 3859 scripturis
565 3781 837 3884 nuncupantur,
863 3788 1015 3860 quorum
1031 3776 1067 3839 in
1076 3771 1246 3863 synagoga·

166 3868 258 3974 fierit
278 3869 429 3948 Decimi
411 3870 476 3943 dem
498 3874 536 3938 in
550 3870 646 3941 medio
656 3868 763 3971 drjtrd'
751 3893 858 3954 trans
881 3890 1029 3972 regnum
1056 3872 1231 3952 coe10tum

173 3970 259 4048 Deo
273 3988 347 4070 regr
338 3968 469 4050 simile
484 3967 545 4045 eiu
1131 4089 1185 4141 u
