2800 4567
301 297 366 376 tn
389 263 763 376 mnrrnnon
799 299 1065 381 ronxrv.
1151 325 1225 402 143

147 461 335 560 perantia:
366 462 432 559 Ipse
450 462 670 535 dominabitur
680 467 739 535 tei
746 515 756 552 ,
782 485 872 538 vere
890 465 935 537 de
955 465 1024 537 illis
1047 466 1168 540 dicere
1183 469 1225 541 li·

149 578 232 637 cet:
259 559 350 660 Jerr
365 587 430 634 nm
445 566 522 652 sunt
541 566 609 637 duo.
659 563 804 637 Deinde
824 569 993 657 quoniam
1009 565 1045 637 id
1063 569 1094 640 ei
1111 566 1226 640 reser-

148 662 426 753 venditarent,
453 664 513 755 qui
532 665 618 738 Deo
634 663 812 756 adheret,
837 685 947 740 unum
963 664 1122 757 spiritum
1139 688 1224 745 cunr

149 783 200 837 eo
226 759 345 856 effici,
374 762 456 856 post
478 764 556 837 haec
578 766 722 838 verbio
742 769 775 836 It
816 790 854 834 tee
868 770 938 861 jam
958 790 1025 836 non
1041 769 1121 855 sunt
1140 771 1225 849 dun,

147 864 229 946 herc
245 865 370 938 etiam:
396 867 457 935 Sed
473 890 544 936 caro
558 889 643 952 una,
670 864 715 937 de
731 864 773 937 iis
813 863 881 938 itta
896 864 997 958 sunt,
1023 868 1082 956 qui
1097 888 1118 939 a
1135 863 1223 940 Deo

145 962 254 1038 fuere
268 961 464 1053 conjuntti.
514 962 574 1036 Ac
591 965 691 1037 Deus
709 962 852 1055 quidem
870 967 900 1038 is
917 963 988 1046 est,
1014 968 1074 1057 qui
1091 967 1164 1039 duo
1182 968 1224 1044 in

145 1080 263 1138 unum
278 1064 484 1158 compegit,
515 1079 558 1138 ut
574 1086 620 1138 ex
636 1084 711 1156 quo
729 1065 856 1138 mulier
873 1065 962 1137 viro
980 1066 1118 1161 nupsit,
1144 1067 1223 1140 duo

147 1163 303 1256 emplius
319 1183 397 1236 non
416 1165 505 1253 srnt;
532 1165 566 1237 dt
583 1165 752 1256 quoniam
767 1163 1031 1257 conjuniiionis
1046 1178 1154 1238 autor
1170 1166 1225 1240 eii

146 1263 276 1357 Dedo,
303 1277 500 1356 propterea
515 1265 557 1340 iis
571 1261 804 1362 indignantia,
832 1267 891 1356 qui
907 1286 927 1337 a
943 1265 1028 1340 Deo
1039 1265 1226 1358 conjuniii·

147 1362 261 1448 sunt;
293 1363 392 1454 quod
414 1384 491 1437 non
506 1365 678 1462 ignorans
699 1362 830 1438 Paulus
852 1364 1075 1442 connubium
1090 1367 1228 1440 Verbo
1326 1371 1329 1386 '

146 1462 223 1537 Dei
237 1462 521 1540 consentaneum
537 1465 685 1561 gratiam
703 1462 773 1537 effe
794 1465 1028 1558 pronuntiat,
1056 1465 1227 1557 quemad-¹

147 1562 301 1640 modum
317 1562 430 1637 castus
447 1566 629 1638 caelibatus
644 1564 758 1661 gratia
774 1562 845 1657 est,
872 1564 920 1638 irc
934 1566 1030 1639 enim
1044 1568 1114 1639 ait:
1145 1569 1228 1640 Volo

149 1688 258 1736 omnes
270 1665 411 1734 dominer
424 1662 479 1757 effe
490 1665 568 1758 finer
583 1664 750 1762 meipsum,
771 1664 826 1756 sed
835 1670 1229 1764 unusquisquepmprium

151 1766 271 1836 &nem
284 1763 378 1835 haber
393 1789 432 1835 ex
449 1769 538 1852 Deo,
564 1762 853 1863 aliusquidemfic,
879 1767 1050 1838 aliusvero
1061 1766 1113 1860 fic.
1146 1767 1229 1868 Qui·

153 1879 273 1938 autern
289 1885 310 1936 a
325 1862 410 1938 Deo
426 1864 608 1956 conjuntii
621 1861 702 1938 sunt
717 1863 754 1937 id
769 1863 927 1939 sentiunt
942 1864 1141 1940 &faciuntz
1162 1871 1231 1940 Vs·-

153 1965 448 2064 rr'diligite-rrxeres
461 1966 598 2063 vestras,
619 1967 698 2060 ficui
715 1972 754 2038 (ὅ
772 1965 916 2064 Christus
931 1967 1046 2037 dilexit
1061 1967 1229 2059 calefieret.-

154 2062 497 2162 introitum-quidem
518 2088 538 2139 a
561 2065 761 2138 servatore
776 2063 854 2158 est,
887 2069 1023 2162 utquid
1041 2071 1130 2139 Deus
1149 2065 1230 2140 carrd¹

154 2168 286 2262 junxit,
311 2163 403 2237 domo
417 2190 485 2237 nen
496 2165 639 2262 sepium
666 2177 703 2238 at
718 2162 879 2257 separare
893 2166 977 2238 vuit
990 2165 1106 2241 homo
1123 2167 1231 2260 quod

159 2264 272 2338 tDeo
297 2263 528 2358 conjunttun
546 2264 626 2358 est,
661 2265 807 2358 quando
831 2267 983 2353 discedens
1002 2293 1023 2337 a
1034 2267 1117 2356 stane
1133 2270 1232 2359 fide,-

159 2365 323 2437 attendens
342 2368 512 2464 spiritibus
542 2371 688 2458 erroris,
723 2363 763 2441 (5
795 2364 953 2438 defininis
984 2371 1225 2442 Damoniorrene

161 2470 193 2536 in
207 2465 362 2563 hypocrifi
380 2469 578 2564 loquentium
593 2467 806 2554 mendacium,
833 2466 873 2543 (i
887 2468 1227 2542 cauteriatamheben·

162 2570 234 2638 tium
243 2569 338 2657 suem
350 2573 589 2658 conscientiam,
612 2567 849 2664 prohibentium
863 2587 941 2639 non
957 2567 1129 2642 fornicari
1146 2583 1226 2646 tan·

163 2668 368 2758 tunneto,
394 2664 576 2742 sedetiam
591 2668 728 2756 nubere,
754 2688 819 2740 eos
835 2664 1015 2762 dissolvit,
1042 2669 1102 2759 qui
1119 2687 1234 2749 antee.

163 2762 225 2840 Dei
244 2781 339 2840 nutu
361 2763 506 2840 fuerint
521 2766 716 2861 conjuntii.
774 2767 863 2840 Haec
881 2768 1002 2860 itaque
1027 2766 1118 2840 dina
1135 2770 1229 2865 ssot,¹

163 2863 196 2938 iit
211 2866 435 2960 observatis,
448 2913 451 2918 -
462 2887 539 2958 quae
555 2868 599 2940 de
613 2889 732 2948 mares
759 2865 791 2937 ἀ
808 2865 979 2959 immina,
1008 2866 1161 2961 divim,
1190 2871 1233 2944 &-

161 2969 301 3041 muliere
318 2964 446 3060 scripta
465 2966 566 3062 sunt,
597 2967 701 3059 jnxta
717 2966 881 3040 traditam
900 2988 920 3041 a
941 2965 1141 3042 servatore
1159 2969 1230 3044 ἀοι·

162 3064 320 3160 drinam,
346 3087 430 3141 curn
451 3064 631 3140 Pharisaeis
651 3066 900 3159 responderet.

228 3189 285 3260 17.
313 3165 383 3240 Sed
400 3168 568 3258 quoniam
584 3165 776 3264 Apostolis
798 3167 842 3240 de
861 3163 1001 3240 Christo
1024 3165 1225 3244 &ecclesia

159 3269 189 3343 id
207 3263 426 3342 dietumess'e
443 3269 542 3342 vult:
570 3269 619 3339 Ei
635 3285 736 3339 erunt
751 3270 866 3339 duem
882 3293 976 3338 carne
990 3291 1077 3354 una,
1104 3270 1225 3342 dicen·

159 3371 236 3444 dum
253 3366 396 3442 estnon
412 3367 514 3441 aliam
532 3366 751 3458 obteniant,
778 3369 956 3460 priorem,
981 3380 1024 3440 ut
1039 3370 1091 3440 ita*
1105 3371 1234 3466 appel·.

158 3471 243 3560 lem,
270 3465 464 3560 conjugem
495 3466 624 3560 ipius,
658 3469 816 3561 priorem
844 3489 973 3560 nempe
1006 3463 1225 3564 synagogam

158 3561 493 3663 fuine-repudiatam
504 3566 696 3664 achnsto,
714 3567 801 3640 illud
817 3566 1002 3640 servante:
1030 3573 1122 3661 Quod
1139 3578 1227 3643 trees

141 3667 1260 3848 nemiremini*’attritionisf

649 3823 661 3861 i

155 3861 304 3962 stroxit,
331 3887 487 3959 eumque
505 3869 586 3942 neci
604 3868 703 3943 dedit
728 3868 875 3942 dicens:
907 3862 990 3940 rm
1002 3874 1150 3966 ejusmodi
1170 3877 1225 3942 ho-

155 3977 270 4054 minem
289 3973 327 4044 de
342 3985 469 4078 iffa-r
484 3972 726 4068 mereim-etim·
784 3966 979 4069 mergitur
990 3967 1144 4044 disceiirt
1159 3991 1249 4063 po·¹

368 4071 389 4092 ⁸·
520 4077 523 4090 '
1094 4071 1207 4160 troo,
