2800 4567
256 309 319 388 us
344 306 719 385 massenum
754 307 875 398 son.
899 305 1038 388 xvrr.
1100 330 1172 406 451

104 471 219 571 uep‘iem
234 468 434 568 nuptialem?
458 470 602 546 Deinde
616 474 804 565 quoniam,
822 472 881 564 qui
898 474 1084 567 peccavit,
1110 495 1173 549 ne·

85 575 176 666 ¹que
193 586 393 666 renovatus
408 569 478 662 est,
504 572 538 644 dc
555 571 752 646 Dominum
767 571 885 669 Jesum
904 572 1079 648 Christum
1095 596 1172 653 non

91 671 245 763 induit,
271 686 401 765 utpote
417 672 549 745 nullam
566 670 805 746 excusationis
822 672 936 745 ansam
948 674 1172 766 habens,ob·

85 768 293 858 mutescit3
319 773 455 844 idcirco
479 772 564 843 illud
579 772 746 863 scriptum
762 771 831 845 eliz
857 778 903 845 At
930 775 979 842 ide
1004 774 1169 846 obmutuit.

85 870 240 964 Neque
256 891 347 943 vero
365 894 385 944 e
404 870 536 962 nuptiis
550 872 689 964 expelli
699 870 778 944 satis
794 869 863 964 est,
878 866 936 964 qui
952 874 1093 965 nuptias
1111 875 1171 946 de-

85 970 332 1058 honestavit3
359 984 510 1063 oportet
528 972 642 1062 enim,
669 985 711 1044 ut
734 993 755 1043 a
779 975 872 1066 tegis
897 971 1083 1065 ministris,
1110 974 1171 1064 qui

85 1071 263 1146 vinculis
288 1066 443 1163 praefedii
467 1067 566 1162 sunt,
600 1072 769 1166 colligata
793 1072 867 1164 ejus
893 1072 1078 1169 nequitiap
1102 1093 1171 1163 qua
1199 1096 1204 1105 ·

85 1183 237 1264 praeter
251 1165 304 1242 fas
318 1169 399 1241 ttius
416 1168 484 1250 e'st,
503 1168 763 1262 industriaque,
787 1192 855 1261 qua
871 1173 959 1244 boni
979 1167 1065 1244 nihil
1080 1174 1172 1268 egit,

85 1290 182 1346 non
211 1291 230 1343 a
255 1272 387 1362 nuptiis
414 1268 600 1359 dejiciatur
625 1268 758 1361 solum,
785 1268 844 1343 sed
866 1271 1040 1345 inlocum
1062 1274 1169 1348 etiarn

85 1370 240 1444 iumine
261 1383 440 1441 carentem
459 1369 658 1464 relegetur,
684 1371 744 1441 ubi
760 1369 1046 1463 tenebrosum,
1062 1391 1169 1461 quan·

85 1483 184 1544 tum
199 1481 289 1561 pote
301 1468 543 1562 profundenda
554 1470 752 1541 exteriores
763 1468 1036 1542 tenebraediciae.
1056 1470 1170 1568 Quod

85 1569 122 1646 [ι
147 1568 231 1662 quis
249 1588 335 1663 ergo
352 1567 533 1658 nostrum,
561 1569 619 1659 qui
642 1590 661 1640 a
683 1588 768 1659 rege
792 1585 947 1641 vocatus
969 1570 1012 1641 ad
1027 1571 1170 1663 nuptias

85 1665 169 1746 {itii
183 1666 289 1760 ipsrus
309 1667 473 1758 venerit,
498 1666 778 1765 obtempetaiie,
805 1668 934 1741 &cum
948 1672 1091 1740 vocatis
1110 1692 1172 1742 ve·

85 1765 191 1844 mille
210 1766 389 1859 videatur,
404 1766 548 1841 minime
563 1785 681 1840 tamen
697 1765 833 1840 vestem
849 1770 944 1840 illam
959 1769 1169 1862 nuptialem,

85 1869 146 1946 :ie
166 1886 237 1958 que
255 1865 429 1957 diximus,
456 1866 633 1957 induerit,
659 1863 736 1938 haec
752 1869 994 1964 perpetietur·
1023 1865 1171 1959 &pedi-

85 1967 170 2044 bus
195 1967 430 2057 manibusque
454 1961 663 2039 constr'idius
687 1967 850 2039 mittetur
871 1968 908 2039 in
926 1970 1092 2039 tenebras
1110 1989 1171 2040 ex·

85 2065 284 2149 teriores3
312 2066 396 2156 ubi,
419 2066 521 2156 juxta
541 2065 646 2151 illud:
679 2067 849 2157 Vaevoiis,
874 2071 1172 2162 quiriderisuunc,

85 2171 185 2269 quia
201 2165 344 2258 lugebitis
359 2161 398 2241 (ὅ
406 2163 547 2264 flebitis,
572 2158 679 2237 fletus
698 2183 764 2237 eos
781 2179 922 2247 manet,
949 2170 1008 2256 qui
1022 2161 1112 2237 fletu
1129 2182 1172 2238 ac

85 2263 206 2344 tuctu
227 2264 333 2361 digna
355 2262 617 2354 commiserint3
644 2264 785 2358 flebunt
810 2278 928 2339 autem
954 2267 1172 2339 calamitates

85 2361 185 2442 fuas
201 2363 377 2461 lugentes.
429 2363 570 2437 Deinde
591 2379 633 2436 ut
655 2366 843 2457 timorem,
868 2362 1086 2459 tremerem,
1112 2361 1172 2437 tri-

85 2465 257 2558 stitiam,
283 2484 324 2537 ac
340 2465 503 2554 labores,
523 2481 621 2555 ¹quos
643 2465 847 2557 patientur,
872 2465 931 2556 qui
957 2463 1057 2537 veste
1083 2482 1174 2558 nup·

85 2564 183 2640 tiali
199 2565 313 2638 induti
330 2581 405 2637 non
420 2560 565 2655 fuerint,
577 2564 735 2640 declaret
747 2565 928 2657 Verbum,
955 2565 1020 2638 aitt
1048 2565 1097 2636 lu·
1108 2569 1174 2635 erit

85 2666 223 2766 fletus,
249 2680 367 2755 neque
383 2660 497 2735 solum
514 2656 641 2755 fletus,
667 2658 726 2734 sed
742 2662 776 2733 ἁ
785 2664 902 2761 stridor
916 2666 1073 2735 dantium.
1124 2660 1175 2736 Et
1216 2730 1219 2733 ,

93 2780 150 2840 ut
165 2764 301 2849 multos
319 2778 475 2835 vocatos
492 2758 583 2852 eise,
609 2782 686 2834 non
705 2778 830 2835 omnes
847 2777 986 2853 tutem,
1013 2759 1071 2836 sed
1089 2782 1174 2855 pau·

103 2883 176 2937 cos
200 2883 244 2935 ex
262 2861 341 2955 ipsrs
357 2854 491 2934 venisse
515 2861 666 2952 doceat,
693 2862 763 2934 toti
784 2862 925 2936 demum
939 2861 1119 2954 parabolae
1137 2857 1174 2934 id

101 2957 350 3066 subjungiturt
385 2949 495 3034 Mulli
510 2965 688 3049 aninumr
701 2966 826 3053 vocati,
850 2967 942 3055 pauci
958 2985 1032 3031 uera
1049 2960 1149 3035 cicili.

189 3079 244 3153 17.
256 3110 259 3116 -
272 3059 359 3134 Haec
374 3062 480 3155 igitur
497 3058 600 3153 super
615 3060 787 3153 parabola
799 3055 935 3136 rudiori
949 3063 1114 3134 minerve
1126 3060 1175 3133 di·
1256 3084 1259 3100 ¹

107 3159 166 3236 ua
191 3160 279 3234 fimt:
313 3181 389 3234 cam
416 3176 534 3234 autem
559 3161 748 3251 repetitam
773 3178 843 3253 pro
866 3161 1019 3250 vitium,
1046 3160 1174 3250 quibus

105 3275 210 3338 nunc
235 3260 442 3355 pollemus,
474 3258 625 3334 modulo
651 3261 857 3353 expendere
883 3260 1116 3345 conabimur,
1150 3254 1176 3331 ss

106 3360 226 3446 modo
249 3354 426 3453 sapientie
450 3355 572 3453 spiritu
597 3359 729 3450 adjuti,
755 3358 954 3451 penitiores
970 3376 1010 3430 ac
1027 3352 1176 3450 profun-

109 3459 233 3536 diores
248 3451 365 3533 sensus
379 3480 398 3531 a
413 3461 520 3532 nobis
537 3457 641 3551 super
657 3458 826 3551 parabola
841 3471 1007 3551 repertos
1024 3455 1176 3535 adstrue·

85 3573 176 3654 xte,
203 3557 351 3651 &juxta
367 3558 545 3631 rationem
560 3560 736 3649 reticere,
762 3558 824 3631 uel
841 3554 992 3631 obscure
1008 3548 1178 3652 fignifica-

111 3673 177 3750 te,
202 3660 266 3732 vel
282 3671 406 3751 aperte
422 3655 601 3751 explicare
617 3651 794 3751 polimus.
826 3649 989 3751 Regnum
1008 3675 1094 3752 ergo
1109 3673 1177 3728 coe·

112 3755 258 3932 iorumlp
282 3771 451 3849 quantum
476 3757 518 3830 ad
530 3771 757 3851 regnantem,
783 3754 919 3830 homini
935 3758 1008 3851 regi
1026 3752 1177 3831 allrmila·

115 3869 228 3932 cume
265 3879 278 3948 3
304 3871 477 3950 quantum
497 3872 615 3930 autem
634 3859 678 3947 ad
701 3874 804 3948 eum,
831 3856 890 3947 qui
907 3871 978 3930 una
995 3871 1075 3928 cnm
1093 3871 1178 3950 rege

114 3969 265 4055 regnat,
288 3949 508 4088 ipiusfiliop
536 3971 706 4134 quaprtfurp
723 3969 842 4046 autern
859 3956 903 4030 ad
921 3976 978 4050 ea,
996 3953 1179 4145 qtpzpppit
