2800 4567
313 331 375 409 ΙΝ
394 329 772 412 MATTHAEUM
811 323 932 411 'sort¹
958 319 1095 450 xvj
1154 349 1224 425 asr

162 494 290 569 rabola
312 495 450 572 mentio
473 489 535 575 fit,
549 503 552 508 '
568 493 627 588 qul
656 494 797 585 priores
819 491 960 583 quidem
984 511 1106 588 operm
1124 493 1228 570 incu-

160 598 338 680 buerunt,
363 592 531 687 postremi
560 593 904 667 auremmercedem
928 608 1165 683 receperunt3
1191 596 1227 670 dt

161 709 358 788 propterea
373 712 455 768 cum
471 693 575 784 primi
592 691 724 786 elient,
751 694 844 767 inter
868 690 1068 786 postremos
1088 695 1226 775 recensi

137 792 264 880 ,sunta
295 805 331 865 at
349 791 611 884 praestantiores
633 812 699 868 aos
725 789 794 868 else
815 793 948 883 docet,
974 793 1033 882 qui
1054 791 1226 884 postremi

161 892 306 985 quidem
323 893 366 965 ad
389 912 482 983 opus
502 890 703 966 faciendum
720 890 804 967 miffi
823 892 920 973 sunt,
946 892 1149 966 mercedem
1166 913 1227 967 au·

162 1001 238 1066 tem
253 1011 330 1066 non
347 992 450 1083 primi
470 991 643 1066 duntaxat
663 1006 905 1081 receperunt,
931 988 989 1063 sed
1005 993 1226 1070 tantumdem

160 1093 290 1174 etiem,
317 1104 488 1180 quantum
507 1091 553 1181 ii,
570 1090 630 1181 qui
645 1089 811 1166 adversus
830 1088 1115 1184 patremfamilias
1133 1112 1227 1168 mur·

160 1191 370 1282 mutabant,
406 1189 440 1263 dt
465 1190 653 1266 dicebantt
696 1194 747 1264 Hi
770 1188 929 1283 navr'ffimi
952 1213 1017 1264 ana
1041 1192 1121 1263 lrara
1145 1193 1226 1282 face·¹

159 1307 260 1367 runt,
285 1292 323 1365 (ὕ
348 1311 437 1386 pares
462 1291 551 1359 arabis
572 1288 698 1385 feristi,
721 1295 781 1390 qui
804 1294 1143 1386 patravimus-pandas
1158 1295 1222 1366 ana·

161 1387 201 1472 (τ
234 1389 347 1486 aslum.
409 1386 458 1461 Et
484 1391 544 1481 qui
569 1387 738 1481 postremi
763 1391 904 1484 quidem
930 1390 974 1461 ad
1002 1410 1094 1484 opus
1120 1392 1227 1469 acciti

159 1488 260 1576 sunt,
287 1488 385 1581 quod
408 1489 611 1566 mercedem
631 1490 771 1581 priores
795 1492 1018 1581 receperint,
1045 1492 1150 1583 primi
1175 1492 1227 1565 di·

161 1605 304 1664 cuntur.
355 1587 524 1663 Precibus
540 1602 658 1663 autern
675 1590 719 1664 ad
735 1588 854 1665 Deum
870 1588 971 1673 iusrs,
999 1589 1224 1666 &invocato

159 1687 313 1767 Domini
336 1685 454 1765 nostri·
470 1685 553 1784 Jesu
571 1685 697 1764 Christi
717 1691 864 1764 nomine
884 1691 1091 1781 parabolam
1113 1691 1227 1783 erpti-

162 1809 307 1881 cemus‚
334 1788 543 1880 &quaenam
561 1788 668 1863 nobis
690 1787 951 1884 pervestigare,
977 1807 1019 1861 ac
1042 1786 1144 1880 super
1166 1791 1227 1865 illa

158 1886 347 1980 proferre3
361 1908 432 1960 nec
445 1885 602 1979 nom-dt
617 1886 712 1980 quast
727 1887 1000 1962 adhortationes
1014 1906 1223 1981 proponere

161 1987 295 2079 liceat,
322 1986 520 2068 videamus,
572 1983 632 2064 Sic
650 2000 770 2066 autem
791 1987 850 2063 illn
868 1986 903 2063 se
925 1986 1044 2064 habet.

344 2181 407 2275 De
433 2187 602 2276 mercede
631 2180 822 2276 suadellis
849 2188 1047 2300 operariis.

240 2385 298 2457 28.
325 2381 438 2457 Simile
457 2375 498 2479 ast
519 2404 648 2475 ragnum
666 2380 808 2456 carlorum
831 2381 955 2454 limini
976 2379 1232 2477 patrifamilias,

163 2482 224 2580 qui
241 2481 323 2554 exiit
339 2486 440 2575 prima
461 2482 728 2558 misecordiam
747 2484 919 2576 operarios,
951 2478 985 2558 ἀ
1004 2495 1150 2569 cetere,
1176 2477 1232 2553 ul:

165 2598 238 2667 que
262 2577 305 2651 ad
325 2580 380 2656 ida
419 2582 528 2659 Multi
554 2586 639 2653 enirn
657 2580 737 2667 lum
762 2585 887 2668 ascari,
915 2585 1007 2676 pauci
1027 2578 1231 2655 'oera‘elellia

166 2676 226 2754 'Ad
247 2676 283 2751 id
298 2676 443 2758 fortene
458 2681 624 2773 usurpata
640 2677 691 2758 est
704 2694 784 2756 tota
802 2681 878 2755 hac
896 2681 1084 2771 parabola,
1111 2693 1153 2751 ut
1165 2677 1231 2752 dis·

166 2796 309 2859 camus,
344 2779 641 2870 quemadmodum
671 2779 732 2868 qui
758 2778 802 2850 ad
825 2799 918 2871 opus
939 2777 1141 2853 faciendum
1161 2798 1232 2874 po·-

164 2873 283 2954 sttemi
302 2876 543 2969 accesserunt,
559 2877 762 2954 mercedem
783 2876 943 2953 eamdem
965 2879 1068 2972 primi
1088 2899 1233 2971 recepe·

166 2976 261 3065 tint,
288 2999 331 3049 ao
357 2978 416 3069 qui
443 2979 583 3070 priores
607 2977 752 3054 itteram
778 2975 903 3062 accitia
939 2997 1084 3071 quoque
1104 2978 1233 3071 modo,

169 3077 230 3165 qui
248 3076 351 3170 primi
366 3077 523 3166 accersiti
540 3077 638 3171 sunt,
659 3074 844 3172 postremo
860 3069 947 3150 loco
961 3077 1058 3170 apud
1080 3091 1234 3171 patrem·

168 3173 319 3253 familias
333 3175 539 3254 constituti
555 3177 647 3270 sint,
676 3177 773 3251 unde
790 3175 824 3250 aa
845 3175 1046 3255 mercedem
1063 3174 1234 3269 postremi

167 3292 395 3368 receperunt.
446 3275 638 3353 Sciendum
652 3274 705 3350 est
724 3289 843 3352 autem
855 3272 1047 3353 discullam
1065 3277 1234 3370 haacpa·

168 3376 354 3470 abolem,
387 3388 540 3468 utpote,
574 3397 651 3467 qum
675 3373 719 3451 fit
739 3373 847 3473 Jem,
882 3383 920 3445 in
940 3399 1000 3472 qua
1022 3375 1103 3465 [aar
1118 3398 1235 3474 ¹asianae

170 3474 319 3562 alienari·
332 3476 505 3574 sapientia
528 3473 567 3550 m
587 3478 724 3560 laicalia
747 3474 940 3566 absconditi,
979 3488 1039 3547 tot
1069 3476 1236 3556 involuta

168 3575 481 3671 comprehendere
495 3574 662 3668 mysteria
676 3571 854 3666 sapientie
869 3575 905 3649 in
920 3574 1090 3665 mysterio
1105 3595 1236 3651 recon-

164 3673 276 3755 dita,
301 3677 424 3767 abiis,
450 3676 577 3765 quibus
602 3674 681 3752 hae
700 3673 898 3751 extricandi
915 3671 1065 3752 facultas
1082 3672 1153 3765 est,
1176 3696 1236 3751 re·

201 3792 317 3855 aarum
330 3773 556 3868 -iri,utsuper
572 3773 640 3850 hae
656 3770 867 3867 patiffimum
883 3773 1054 3871 parabola
1070 3796 1114 3846 eu
1129 3773 1235 3867 equo

170 3797 348 3954 §errator
364 3873 631 3966 dicere-questa.
652 3875 801 3968 Aperiam
827 3874 1099 3975 impatibilia-as
1117 3897 1234 3965 maana

178 3974 287 4082 loquar
307 3976 525 4079 propositiones
551 3977 589 4046 al
614 3978 731 4069 inilia,
768 3973 821 4059 &a
849 3969 993 4050 cratian
1017 3971 1238 4163 alfaradigaa

1092 4094 1154 4140 kim
1180 4096 1207 4134 n·
