2800 4567
287 256 350 335 IN
374 253 746 334 MATTHAEUM
770 251 891 332 Teu.
916 248 1030 327 XVI.
1132 253 1201 346 3⁶5

85 449 101 476 =-·
213 441 272 498 21.
296 420 409 495 Nunc
442 433 561 495 autem
594 417 792 493 conflatum
825 437 871 490 ex
890 417 999 490 'vivis
1025 414 1201 510 lapidibus

132 527 308 617 templum
322 521 507 594 ecclesiam
526 517 596 592 effe
615 517 799 608 existim0‚·
824 521 861 589 in
878 538 989 608 eaque
1004 515 1202 589 nonnullos

134 621 234 714 effe,
261 624 319 713 qui
347 642 423 696 nou
447 618 540 711 quast
563 622 600 691 in
621 619 768 691 ecclesia
789 616 938 708 vivant,
965 615 1023 689 sed
1047 618 1138 707 quasi
1152 613 1202 702 se·

132 719 412 794 cundum'carnem
427 724 590 803 militana·
617 719 748 809 quique
771 717 947 789 orationis
973 738 1017 789 ex
1034 718 1131 789 vivis
1153 716 1202 788 la·

88 915 94 920 -
131 821 275 919 pidibus
300 816 536 898 aonstruuan
563 819 709 892 domum
726 810 799 909 'per
821 815 914 889 suam
939 817 1132 907 nequitiam
1152 818 1203 888 la·
1255 845 1258 855 ·

138 916 287 996 tronum
301 918 504 1013 speluncam
515 917 665 991 faciant:
693 918 770 1008 quis
789 917 907 1009 enim,
921 917 1105 1007 qostquam
1120 934 1205 1007 pec·

137 1034 220 1094 cata
238 1022 277 1094 in
294 1019 451 1099 ecciesris
471 1018 679 1109 quibusdam
704 1020 747 1089 ab
763 1017 805 1088 iis
821 1018 1000 1091 commiiia
1014 1013 1204 1110 perspexe·
1318 1087 1329 1103 ,

135 1123 206 1212 rit,
238 1121 298 1211 qui
323 1121 473 1191 aliorum
498 1119 668 1211 pietatem
695 1114 862 1206 quaestum
888 1115 957 1190 effe
982 1115 1204 1206 existimant,
1303 1205 1305 1210 Ι

137 1239 295 1313 cumque
311 1239 357 1292 ex
373 1218 563 1313 evangelio
578 1214 711 1288 vidium
727 1230 852 1309 petere
866 1231 1055 1313 oporteat,
1072 1218 1108 1292 id
1128 1215 1204 1308 qui·

139 1315 483 1396 demoniacum,
507 1315 567 1391 sed
587 1316 744 1403 divitias,
760 1317 996 1412 ingentesque
1012 1316 1204 1392 facultates

138 1431 510 1512 comparant,tantum
521 1416 608 1489 iilud
627 1415 784 1487 ecclesrae
800 1415 1005 1506 mysterium
1022 1419 1209 1494 latronum

138 1517 340 1614 speluncam
358 1514 428 1590 effe
443 1515 572 1591 fabium
588 1535 664 1588 non
678 1513 860 1587 fateatur?
887 1517 978 1590 adeo
1000 1532 1040 1589 ut
1059 1518 1104 1591 de
1119 1535 1206 1610 pecs

138 1620 245 1705 catis,
270 1618 435 1707 inviro,
462 1617 561 1708 quod
574 1611 647 1708 ipse
663 1613 876 1705 aedificavit,
902 1620 1040 1709 templo
1055 1617 1203 1692 admiffis

139 1717 300 1812 apposrte
321 1717 358 1788 id
382 1715 476 1788 dicat
500 1713 678 1806 Christus,
713 1715 852 1807 quode
877 1716 1014 1809 psalmis
1037 1717 1205 1811 deptom

138 1832 240 1913 ptum
257 1815 325 1889 est:
349 1819 430 1907 Qua
449 1817 579 1887 utilitas
597 1819 634 1883 im
647 1815 799 1908 ninguine
816 1838 894 1901 nasa,
920 1819 993 1885 dum
1007 1818 1147 1906 descendo
1166 1820 1208 1888 in

140 1912 393 2012 corruptionem?
421 1914 454 1988 dt
480 1915 580 2006 quod
605 1913 699 2008 apud
725 1913 838 2006 Osee,
865 1918 901 1988 ni
927 1916 1054 2008 failor,
1082 1930 1208 2009 extat,

138 2018 202 2091 ubi
217 2013 297 2113 Jesu
314 2015 527 2104 anima‚vita
540 2028 789 2109 peccatorum,
807 2016 918 2105 quiin
935 2019 1072 2109 templo
1089 2018 1208 2091 nihilo

138 2119 259 2204 minus
284 2114 354 2190 affe
385 2115 583 2207 videntur,
609 2111 783 2206 offensae
808 2117 876 2187 ait:
907 2111 977 2189 -Vae
1001 2119 1105 2198 mihi,
1130 2126 1208 2215 quia

85 2259 100 2264 -
135 2214 250 2312 fufius
265 2221 335 2306 sum
347 2215 442 2310 ficut,
460 2221 519 2310 qui
537 2231 697 2308 magregat
710 2213 860 2310 stipulam
887 2219 923 2290 in
945 2214 1051 2308 messe,
1077 2216 1116 2294 U
1129 2220 1209 2312 ficut

140 2337 275 2390 sactum
292 2321 330 2388 in
347 2318 607 2408 vindemiandum
620 2338 687 2384 nan
695 2315 741 2409 fit
751 2317 839 2409 spica
859 2316 899 2386 ad
918 2320 1129 2390 comedendum
1139 2323 1208 2415 pri-

140 2423 272 2490 mitiva.
327 2418 382 2490 Vae
402 2417 484 2486 midi
502 2418 631 2501 anima,
657 2420 736 2511 quia
755 2419 948 2511 perimpium
973 2420 1009 2488 da
1031 2434 1142 2502 terra,
1167 2417 1209 2497 ὕ

139 2536 207 2590 nou
218 2516 258 2612 effi
276 2517 314 2586 in
324 2516 580 2610 bominibus‚qai
593 2523 749 2607 corrigar..
765 2513 802 2586 si
817 2514 884 2588 bac
900 2536 1015 2609 porro
1030 2516 1112 2611 Jesu
1126 2539 1209 2593 ora-

140 2611 1026 2708 tione‚quodquelapsusnoibosdeflensdixerit:
1057 2621 1210 2696 Vanibi

139 2723 264 2803 anima,
272 2714 483 2805 offenderis,
496 2733 578 2786 eum
598 2714 869 2805 histontende,
885 2735 963 2805 quae
978 2718 1155 2791 habentur
1170 2720 1211 2794 in

140 2815 355 2911 euangelio,
380 2814 442 2885 ubi
457 2812 626 2905 scriptum
645 2812 717 2905 est,
742 2813 903 2883 videntem
934 2842 1001 2885 eum
1032 2815 1211 2911 Jerusalem

133 2912 261 3019 flevisse
272 2916 478 3011 superium,
496 2914 535 2988 σ
553 2909 672 3004 dixisse.
726 2911 837 3008 Quod
856 2911 879 2984 sr
895 2911 997 3008 super
1014 2914 1212 3009 Jerusalem

140 3037 225 3093 cum
238 3017 382 3086 tatione
400 3013 523 3104 flevit,
549 3013 660 3106 longe
677 3011 786 3107 magia
806 3012 1210 3092 atiamconientaneum

139 3121 291 3208 erit‚·ut
304 3112 407 3205 super
423 3111 605 3188 ecclesiam
619 3111 723 3192 fleat,
749 3129 826 3202 quae
843 3111 887 3186 ad
902 3114 937 3186 id
954 3111 1127 3188 aedificata
1142 3114 1207 3210 est,

140 3235 185 3292 ut
202 3216 331 3290 domus
348 3212 390 3287 srt
408 3215 605 3303 orationis,
633 3226 669 3285 at
692 3223 843 3306 propter
858 3226 998 3308 turpem
1013 3217 1209 3289 nonnullo·

139 3337 221 3392 rum
234 3312 403 3410 questum
419 3333 461 3384 ac
477 3313 622 3404 luxum,
649 3323 757 3400 atque
779 3315 914 3386 utinam
939 3335 1015 3388 non
1031 3314 1064 3387 dt
1082 3318 1211 3407 prinei·

98 3479 101 3484 ,
142 3436 230 3513 pum
246 3413 394 3508 populi,
420 3411 587 3508 spelunea
607 3413 790 3490 latronum
813 3410 940 3486 effedia
959 3411 1019 3487 est„
1070 3412 1212 3494 Verum

141 3531 233 3590 tunc
254 3509 424 3609 ingreiius
448 3509 499 3584 est
526 3512 668 3603 quidem
692 3505 792 3604 Jesus
811 3511 847 3584 in
865 3516 1038 3606 templum
1057 3514 1148 3609 Dei,
1176 3519 1215 3606 dt
1259 3536 1261 3542 ·

140 3616 231 3690 illud
263 3613 508 3706 expurgavit,
550 3609 669 3704 ejeftis
703 3610 869 3684 omnibus
900 3616 1142 3690 vendentibus
1178 3618 1212 3690 dt

142 3715 346 3792 ementibus
362 3713 397 3784 in
417 3712 577 3805 templo,
605 3713 638 3783 dt
659 3709 787 3785 menfis
807 3714 1088 3792 numulariorum
1107 3735 1213 3789 ever,

139 3814 209 3904 fit,
235 3833 307 3886 una
323 3832 403 3884 cnm
424 3810 624 3902 cathedris,
649 3809 826 3903 inquibus
846 3810 1028 3907 sedebant,
1048 3816 1105 3906 qui
1121 3836 1213 3887 ven.

108 3943 114 3950 ·
141 3915 278 4000 debant
293 3912 491 3994 columbas.
540 3908 655 4000 Nunc
669 3925 788 3996 autem
812 3916 977 4002 quamdiu
993 3935 1070 3992 non
1091 3911 1213 3988 obser·

201 4085 204 4090 .
636 4065 644 4078 .
1074 4032 1162 4087 van·
1261 4045 1265 4054 ·
