2800 4567
315 299 382 380 rrr
404 299 783 382 nnrruuuu
816 301 937 390 rou.
961 299 1076 384 xrv.
1109 268 1111 274 ’
1162 323 1230 399 155

161 463 293 562 datur,
315 479 452 542 utnon
471 464 620 557 amplius
636 466 766 559 prioris
781 463 932 540 nestoris
948 464 1127 541 familiaria
1140 464 1182 541 fit
1198 464 1233 540 dr

164 563 379 648 domesticu,
395 562 583 658 postquam
595 566 640 639 de
654 567 767 640 dorno
780 567 874 638 illius
891 565 1001 660 ejeiia
1017 564 1087 658 est,
1102 566 1232 642 deinde

164 685 260 738 vero
278 665 425 760 epriori
444 666 555 737 domo
571 663 712 738 extrusa
733 668 836 739 alteri
854 667 936 738 viro
952 666 1090 739 nubere
1105 665 1232 759 poffit,

165 765 199 840 dt
215 765 311 859 apud
326 785 408 839 eum
426 784 501 838 rem
527 761 621 838 suam
639 763 833 838 infeliciter
848 785 994 862 gerere3
1005 779 1007 784 ·
1020 785 1097 838 non
1120 766 1233 868 modu

165 866 314 963 gratiam
331 883 454 938 coram
467 884 514 938 eo
529 885 605 938 non
619 866 826 948 inveniens,
853 865 1235 957 quemadmodumnee

166 965 261 1057 apud
272 964 451 1058 priorem,
467 964 566 1055 quod
577 966 613 1036 in
625 987 666 1037 ea
677 964 818 1038 foeditas
830 966 1055 1054 inveniatur,
1072 961 1130 1039 sed
1142 965 1231 1037 odio

166 1066 328 1140 etiamab
342 1065 408 1137 illo
423 1065 564 1153 habita3
590 1086 735 1138 necnon
752 1068 795 1138 ab
809 1066 1006 1140 hocaitero
1021 1065 1161 1138 libellus
1179 1064 1231 1138 ilii

165 1162 445 1338 titiiiii‘it
459 1163 1235 1357 iiiiiit⁰ii⁰’²rt¹⁰nrit⁵3333

166 1365 209 1442 sit
233 1315 474 1438 &temeraria
489 1363 664 1459 quaestio,
703 1386 748 1439 an
768 1367 977 1461 angelorum
1002 1364 1101 1454 vita,
1129 1379 1235 1455 quum

169 1485 252 1540 cum
273 1464 478 1540 hominibus
504 1480 632 1561 agunt,
655 1466 847 1539 mutationi
866 1466 907 1538 srt
930 1465 1114 1554 obnoxia,
1141 1464 1235 1537 adeo

166 1579 209 1641 ut
219 1580 396 1659 quatenus
411 1564 479 1637 illia
491 1566 681 1638 nobiscum
699 1566 898 1656 convenit,
916 1579 1064 1641 eatenus
1078 1567 1233 1638 morian·

167 1678 250 1757 tut,
277 1685 354 1740 eam
369 1678 489 1740 temen
510 1665 635 1757 uliquis
656 1663 804 1740 formiie
819 1678 1015 1760 proponat.
1068 1665 1235 1761 Quomo-

167 1766 364 1860 doeunque
380 1778 498 1842 autem
520 1762 555 1840 se
574 1766 724 1856 habeat,
751 1785 867 1855 uxor,
895 1785 972 1856 quae
995 1765 1113 1840 virum
1139 1765 1238 1858 prio·

167 1885 244 1944 rem
264 1863 371 1938 semel
393 1863 522 1957 amisit,
541 1864 682 1940 adeum
699 1885 777 1938 non
794 1865 949 1955 redibit3
975 1865 1054 1937 Nun
1073 1863 1165 1958 enim
1183 1883 1238 1959 po·

168 1967 250 2043 ierit
267 1955 358 2066 prior
379 1971 534 2052 maritus,
557 1984 668 2057 aquo
689 1962 823 2040 dimilia
838 1962 907 2050 est,
931 1965 1072 2049 reversus
1083 1963 1237 2058 suscipere

166 2091 235 2140 eum
261 2071 299 2136 in
324 2079 469 2152 uxorem,
495 2065 650 2161 postquam
673 2065 796 2160 poliere
819 2064 871 2162 ιβ.
922 2064 984 2150 sin
1001 2064 1044 2138 ad
1066 2064 1102 2135 id
1124 2065 1237 2139 emol-

164 2165 326 2246 liendum
342 2166 436 2238 libro
462 2165 514 2240 uti
531 2163 761 2256 audebimus,
789 2167 848 2255 qui
875 2165 911 2235 in
927 2162 1074 2239 ecclesia
1094 2164 1236 2258 quidem

167 2264 444 2354 circumfertur,
471 2261 529 2336 sed
551 2266 595 2340 ab
612 2264 779 2340 omnibus
802 2284 870 2356 pro
887 2263 1014 2338 divino
1031 2283 1107 2335 non
1130 2263 1238 2338 habe·

168 2380 248 2458 tur,
275 2362 362 2438 iilud
381 2364 633 2454 adhibeamus,
659 2364 759 2455 quod
772 2364 809 2439 in
822 2365 920 2448 libro
940 2361 1091 2457 pastoris
1103 2361 1147 2434 de
1164 2364 1240 2454 qui·

167 2465 319 2545 busdam
334 2463 507 2543 traditur,
530 2463 716 2555 quistatim
730 2477 837 2556 atque
850 2461 954 2538 fidem
969 2463 1122 2556 amplexi
1137 2459 1239 2564 sunt,¹

168 2564 344 2646 Michaeli
362 2561 597 2656 subjiciuntur
614 2563 674 2640 sed
691 2579 844 2658 propter
867 2563 1068 2656 voluptatis
1088 2560 1240 2637 studium

168 2667 265 2746 illius
288 2665 402 2741 tutela
423 2683 465 2737 ae
485 2664 692 2756 patrocinio
711 2665 904 2753 excidunt,
932 2663 965 2736 dr
982 2664 1036 2754 ei,
1055 2664 1112 2753 qui
1139 2664 1240 2737 luxui

171 2764 381 2854 edeficiis,
399 2762 527 2846 deinde
541 2784 634 2836 vero
651 2763 772 2853 alteri,
787 2764 846 2854 qui
864 2784 977 2854 poenae
989 2783 1031 2836 ae
1043 2760 1241 2854 suppliciis,

172 2883 282 2960 atque
309 2863 342 2940 ei
361 2861 610 2956 postmodum,
637 2863 697 2957 qui
717 2861 936 2956 poenitentiae
962 2859 1148 2955 praefciius
1170 2859 1241 2952 est,

171 2965 384 3047 subduntur.
436 2962 550 3034 Vides
568 2963 661 3037 enim
676 2982 851 3051 uxorem,
871 2981 948 3052 que
967 2959 1072 3036 semel
1091 2961 1188 3035 l'uxui
1204 2958 1242 3048 sa

173 3066 296 3155 dedit,
324 3064 473 3138 animam
495 3062 688 3154 videlicet,
716 3061 759 3133 ad
781 3061 938 3154 priorem
957 3060 1105 3153 amplius
1125 3057 1244 3136 resto·

172 3184 344 3242 remnnn
361 3161 499 3254 redire,
517 3158 575 3236 sed
594 3161 626 3234 dr
645 3160 775 3239 inflida
791 3181 895 3254 pmna
911 3159 1015 3234 alicui
1035 3157 1154 3243 subdi,
1182 3159 1243 3252 qui

171 3263 357 3346 Michaele
373 3261 524 3335 inferior
540 3259 602 3350 stt3
624 3283 671 3334 eo
684 3261 840 3337 sedenim
854 3259 1007 3336 inferior
1022 3259 1073 3334 est
1085 3261 1166 3353 ille,
1181 3261 1245 3352 qul

173 3362 397 3466 penitentiae
413 3379 534 3436 curam
552 3362 655 3456 gerit.
714 3360 843 3434 Danda
869 3361 977 3457 igitur
1003 3361 1110 3436 nobie
1133 3381 1246 3454 opere

174 3464 249 3554 est,
276 3484 324 3537 ne
347 3477 417 3553 qua
441 3462 477 3535 in
503 3461 609 3536 nobis
635 3459 775 3538 foeditas
801 3460 1023 3553 reperiatur,
1058 3458 1092 3534 dr
1118 3481 1244 3538 coram

176 3561 345 3650 Christo,
372 3561 431 3655 qui
455 3561 513 3633 vir
538 3559 613 3653 est,
639 3562 699 3636 vel
728 3579 849 3638 coram
875 3559 1004 3654 angelo
1029 3560 1135 3632 nobis
1158 3580 1246 3654 prae·

176 3661 275 3742 fedo
293 3659 440 3756 gratiam
458 3679 534 3732 non
550 3660 796 3737 inveniamus:
822 3678 902 3734 nam
922 3657 946 3735 fi
965 3657 1248 3754 indiligentiores

177 3763 375 3850 fuerimus,
401 3760 559 3836 libellum
582 3758 730 3838 fortene
751 3758 890 3853 repudii
907 3778 977 3831 nos
994 3779 1140 3856 quoque
1158 3762 1250 3835 recia

179 3865 336 3964 piemus,
358 3859 391 3936 dr
410 3861 471 3934 vei
481 3858 623 3937 rediere
638 3859 887 3950 viduabimur,
904 3861 964 3932 vel
974 3861 1075 3936 alteri
1087 3859 1169 3932 viru
1179 3877 1250 3936 not

183 3959 465 4063 applicabimus:
489 3981 560 4063 ego
577 3979 669 4038 vero
687 3953 930 4058 inauspicato,
948 3956 982 4036 dr
997 3958 1119 4136 ωοῆὲ,
1143 3973 1185 4034 ut
1201 3960 1254 4038 itu

1100 4078 1234 4151 mm
