2800 4567
288 263 353 374 thu
376 257 748 340 unarumuu
780 241 901 350 'risu
925 255 1058 338 xrrt
1142 282 1190 356 45
1289 279 1291 284 ·

191 445 268 520 ·15.
293 425 388 502 iilud
410 425 579 520 deinceps
599 428 719 500 animo
739 425 1009 521 intelligendum
1029 422 1107 514 est,
1140 453 1191 500 ac.

127 526 285 626 effrena
298 530 438 624 discipuli
453 531 493 598 ad
510 552 597 614 eum,
623 541 789 618 tanquam
805 523 1190 617 discipuli-questiones

128 627 300 724 magistro
318 643 593 720 proponentes,
625 628 659 699 dr
680 629 757 716 quis
781 625 894 716 major
913 621 999 698 esset
1019 628 1055 697 iu
1074 646 1194 724 regno

131 733 305 802 coelorunr
321 726 593 820 perscrutantes.
644 724 702 797 Ac
723 748 764 800 ea
781 724 924 817 quidem
937 725 975 798 in
992 745 1033 797 re
1043 725 1192 819 discipu·

130 831 185 904 los
205 826 293 923 Jesu
309 827 435 900 imitari
454 828 645 919 debemus,
670 825 937 916 srquaestionem
956 826 1106 916 aliquam
1126 826 1194 902 soi·

137 947 244 1019 vere,
274 945 316 998 ac
343 930 532 1018 explanare
548 947 624 1000 non
646 925 838 1019 possmus,
871 944 952 997 cum
973 927 1072 998 omni
1095 927 1192 1002 circa

136 1047 208 1100 rem
225 1025 402 1118 quesitam
417 1027 614 1099 concordia
626 1025 834 1099 accedamus
846 1024 888 1096 ad
905 1022 1041 1118 Jessam,
1068 1028 1128 1118 qui
1142 1028 1193 1101 ibi

133 1123 284 1222 presern
305 1124 373 1217 est,
400 1127 461 1198 ubi
481 1127 555 1199 duo
576 1125 635 1198 vel
650 1140 724 1197 tres
738 1126 933 1198 innomine
948 1126 1023 1216 ejus
1043 1144 1193 1224 congre·

133 1227 204 1326 gati
223 1223 332 1317 sunt,
364 1226 399 1297 δι
419 1226 500 1299 dum
525 1226 661 1298 virtute
682 1243 724 1299 ac
747 1221 927 1318 potestate
946 1222 1096 1318 presens
1119 1224 1193 1322 est,

133 1345 276 1417 eorum,
299 1327 358 1415 qui
367 1324 471 1417 hujus
486 1324 681 1398 doiirinam
694 1322 871 1418 capessere
882 1324 1027 1418 volunt,
1040 1325 1084 1398 ad
1102 1345 1195 1417 quae÷

134 1425 271 1500 stiones
286 1428 404 1496 animo
423 1425 610 1518 capiendas
626 1424 738 1496 corda
751 1425 948 1498 illuminare
961 1439 1105 1517 paratus
1120 1424 1194 1501 esta

134 1541 204 1602 nec
215 1527 380 1616 ineptum
400 1521 565 1616 profesio
582 1523 712 1616 suerit,
733 1543 803 1604 nos
819 1522 863 1596 ad
880 1523 1031 1614 aliquem
1047 1546 1068 1597 e
1088 1524 1195 1622 magi·

137 1623 458 1717 strisaccedentes‚
485 1625 545 1715 qui
557 1625 595 1697 in
606 1624 784 1700 ecclesiae
798 1621 881 1696 Deo
896 1621 1081 1696 constituti
1099 1624 1194 1718 sunt,··

138 1725 290 1822 aliquam
312 1717 521 1816 proponere
535 1722 763 1815 questionem
777 1723 861 1796 huic
879 1722 973 1796 haud
987 1722 1194 1798 absrmiiemr

139 1829 223 1920 Quis
234 1840 333 1921 putas
348 1828 448 1920 major
465 1825 554 1920 estin
570 1847 662 1918 reguo
675 1820 849 1898 celarum?
874 1820 1114 1914 Ecquamnam
1134 1824 1198 1920 iga·

139 1937 196 1998 tur
208 1944 254 1996 ex
265 1925 307 1996 iis
318 1925 448 2017 rebus,
471 1943 552 2015 quae
565 1925 632 1998 hac
644 1922 838 2015 questione
854 1924 1105 2016 continentur,
1121 1922 1200 2014 jana

85 2033 87 2052 ²
140 2038 214 2097 turn
233 2021 432 2096 sentiebant
451 2021 636 2114 discipuli?
662 2023 748 2116 quid
765 2019 996 2115 querebant?
1022 2019 1195 2118 Compara

87 2213 90 2218 Ι
140 2136 213 2198 tum
243 2123 422 2196 habebant
441 2125 591 2213 aequales
611 2122 706 2195 inter
721 2119 757 2195 se
772 2143 849 2194 non
872 2119 970 2213 esse,
1002 2122 1062 2212 qui
1078 2142 1195 2218 regno

87 2225 92 2232 “
140 2225 315 2296 culorum
340 2222 434 2321 digni
456 2224 566 2295 habiti
585 2220 692 2337 sarpa,
718 2220 924 2316 &proinde
946 2238 1027 2294 cum
1045 2224 1197 2312 equales

141 2341 214 2397 aon
230 2321 381 2415 forent,
408 2321 559 2411 aliquem
580 2325 752 2415 majorem
774 2319 868 2412 esse,
901 2319 934 2392 dr
959 2318 1005 2392 sac
1030 2319 1200 2414 deinceps

141 2421 183 2496 ad
199 2422 384 2495 minimum
401 2441 543 2512 usque3
580 2436 617 2493 at
636 2423 844 2513 querebant
856 2434 1051 2512 preterea,
1084 2423 1198 2513 qualis

141 2522 199 2595 ille
215 2519 326 2613 esset,
353 2522 413 2612 qui
430 2523 544 2612 major
563 2533 659 2610 erat3
686 2541 790 2613 quarn
803 2524 917 2595 vitam
933 2517 1104 2613 dux-issem
1136 2521 1201 2612 qus

141 2623 325 2708 minimum
354 2621 541 2709 &quinam
555 2619 701 2713 forent,
719 2624 779 2712 qui
790 2621 882 2700 inter
893 2621 975 2693 illos
986 2618 1110 2694 medii:
1135 2619 1200 2696 nin

141 2719 286 2794 fortasse
300 2723 498 2793 accuratius
510 2721 697 2795 dicendum
711 2721 762 2793 est
774 2717 984 2818 cognovisse
999 2719 1104 2811 ilios,
1120 2720 1217 2812 quisx

142 2817 1202 3018 arr-anina„aairaat‘aaztiunaatt
1258 2967 1260 2972 .

144 3021 475 3114 arragonensium
498 3039 566 3094 nec
584 3038 677 3091 vero
695 3020 772 3110 quis
790 3033 905 3110 major
921 3015 1006 3091 effer
1018 3016 1202 3113 sciebant,

143 3118 283 3194 etiamsl
295 3122 330 3191 id
342 3131 526 3192 tenerent:
545 3117 909 3214 Quiaurtmfecerit,&
919 3121 1203 3208 sonituum·-

144 3245 223 3314 μιν
235 3221 399 3290 amabatur
412 3224 450 3288 in
466 3241 559 3313 regno
574 3221 732 3290 caelorum:
752 3239 831 3293 cum
851 3220 944 3294 enim
962 3222 1078 3318 magni
1089 3218 1202 3296 essent

145 3322 360 3411 complures,
375 3317 779 3411 quismajoressetinter
792 3339 870 3411 eos,
883 3319 955 3412 qui,
970 3331 1012 3391 ut
1024 3321 1075 3394 est
1091 3321 1205 3394 borni·

144 3439 229 3496 num
246 3432 391 3511 captus,
410 3421 528 3512 magni
542 3434 667 3511 erant,
683 3433 907 3512 compertum
922 3419 989 3491 iliis
1008 3439 1084 3494 non
1102 3436 1200 3512 erate

146 3518 349 3613 complures
367 3516 518 3590 sedenim
534 3516 602 3589 esse
615 3539 777 3613 magnos,
789 3519 929 3592 sednon
940 3522 1121 3612 equaliter
1133 3540 1203 3595 rna·
1313 3529 1321 3545 ⁵

147 3615 345 3716 pausasse,
372 3620 432 3709 qui
446 3620 561 3711 magni
577 3616 688 3708 suan,v
701 3613 807 3691 fidern
825 3618 932 3691 saciet
943 3622 1058 3716 magni
1069 3641 1203 3696 nornen

147 3719 265 3792 isaaco
280 3717 453 3809 inditum,
480 3721 706 3814 quiprofics'ms
719 3723 818 3815 major
828 3719 975 3790 evadebat
988 3723 1081 3795 valde
1092 3722 1206 3817 ναίω

149 3818 245 3909 quod
259 3816 304 3890 de
322 3815 427 3887 Mose
440 3820 564 3911 ctiam,
590 3818 636 3891 de
647 3817 989 3913 joanne-Baptista,
1015 3818 1111 3894 &de
1126 3821 1206 3904 Sep·
1252 3873 1254 3878 -

149 3924 278 3992 satore
302 3913 433 3998 didon
450 3915 519 3998 ests
554 3937 596 3991 ac
617 3937 727 3993 namo
749 3916 822 4014 est,
855 3920 939 4011 quin
959 3937 1093 4035 omnes-
1108 3919 1203 4018 hos,
1254 4026 1256 4030 .

1060 4034 1172 4117 quana
