2800 4567
282 211 780 358 ·1N..MATTHAEUM
812 277 933 359 Tou.
957 279 1074 380 XIV,
1158 305 1229 378 ¹45

142 505 144 509 .
160 445 256 536 tiur,
282 463 387 534 quarn
399 443 455 514 vir
471 463 548 516 eam
563 443 784 537 repudiatam
800 441 936 518 dimisrt.
962 442 1104 526 Idcirco
1120 445 1227 538 ipsrua

160 545 365 616 divortium
382 543 465 615 huic
480 543 515 615 in
529 541 614 615 isaia
630 547 852 635 exprobrans
869 546 937 615 ait:
965 549 1050 636 Quis
1069 546 1107 638 eli
1121 550 1174 616 hic
1186 549 1228 618 li-

160 646 215 715 i'er
233 645 355 740 repudii
374 648 491 712 matris
513 644 646 739 oasim,
681 667 739 739 quo
756 643 855 736 dimifi
871 638 969 714 eam?
1001 641 1050 715 Et
1066 648 1124 737 qui
1142 667 1226 722 eum

160 745 304 815 creavit
321 744 364 816 ab
379 743 507 833 initio,
534 765 553 815 a
568 763 641 834 quo
656 743 759 834 ipirus
774 744 893 838 imago
907 743 1064 838 geritur,
1091 745 1225 818 mascu-

161 845 237 916 lum
253 863 335 914 euru
351 841 459 934 fecit,
486 845 544 933 qui
558 844 595 915 in
609 841 726 917 forma
743 840 814 914 Dei
832 840 906 929 est3
933 843 1112 918 foeminam
1130 866 1223 917 vero

161 941 369 1031 ecclesiam,
394 942 431 1012 id
441 943 583 1032 utrique
596 944 742 1038 largitus
757 962 868 1016 unum
881 941 924 1014 ad
936 942 1224 1038 imaginem-effe.

160 1041 221 1112 Ac
232 1041 412 1114 Dominus
429 1043 591 1134 quidem,
618 1043 677 1133 qui
694 1044 750 1112 vir
765 1040 840 1131 est,
869 1055 1020 1134 propter
1041 1042 1224 1118 ecclesram

159 1140 304 1216 Patrem
327 1141 493 1231 reliquit,
526 1163 631 1232 quem
652 1142 858 1214 intuebatur
879 1168 948 1211 cum
969 1148 1006 1212 in
1028 1142 1137 1234 sumu
1160 1147 1225 1236 Der·
1279 1207 1282 1214 .

159 1237 258 1333 effert
283 1241 428 1329 reliquit
447 1241 588 1314 vero&
607 1255 784 1328 matrem,
813 1261 892 1312 cum
910 1242 1067 1333 supernae
1089 1239 1228 1337 Jerusa-

160 1342 233 1414 lem
248 1336 342 1412 filius
357 1335 478 1429 effer,
492 1341 525 1411 dr
538 1338 625 1432 suar,
651 1340 1013 1431 quehuececiderat‚
1040 1344 1147 1414 uxori
1167 1342 1228 1416 ad·

159 1440 283 1532 haesrt,
307 1438 341 1509 ἃ
358 1439 430 1510 duo
445 1439 482 1511 in
498 1460 605 1512 carne
618 1460 688 1513 una
700 1440 759 1512 hic
775 1437 892 1512 effedii
909 1439 1014 1528 sunt3
1041 1462 1121 1515 nam
1139 1450 1226 1535 pro·

159 1555 241 1633 pter
258 1560 336 1610 eam
355 1557 441 1609 caro
456 1538 489 1610 dr
505 1539 578 1630 ipse
593 1538 704 1612 fartus
724 1538 773 1612 est
787 1543 806 1631 ,‘
827 1540 970 1632 quando
987 1537 1123 1614 scilicet
1142 1547 1227 1615 Ver·

160 1644 231 1710 bum
255 1663 328 1708 cara
344 1636 472 1731 sudium
494 1640 553 1735 esi,
579 1637 618 1715 (ὅ
634 1643 800 1710 habitavit
823 1646 861 1709 in
879 1639 992 1727 notis,
1018 1640 1136 1737 &jam
1155 1654 1231 1714 nort*

156 1739 236 1830 fiant
247 1742 328 1822 duo,
350 1739 403 1826 sed
418 1762 504 1809 nunc
519 1763 584 1810 rma
596 1764 687 1825 caro,
715 1740 1004 1830 quandoquidem
1018 1742 1126 1812 uxori
1140 1742 1227 1814 dici-

160 1854 241 1912 tur:
274 1842 336 1908 Vos
351 1856 457 1908 ortem
472 1839 540 1934 estis
562 1860 671 1935 corpus
691 1839 829 1933 curasti,
855 1840 894 1915 U
906 1839 1042 1910 membra
1060 1833 1099 1908 eir
1111 1858 1226 1935 parte3

159 1961 228 2016 uec
246 1938 342 2016 enim
361 1938 455 2011 aliud
474 1939 558 2029 quid
572 1937 727 2012 seorsum
750 1937 877 2011 Christi
893 1959 1027 2031 corpus
1041 1937 1111 2031 est,
1137 1961 1226 2034 prae·

159 2056 213 2112 ter
232 2037 417 2116 ecclesiam
436 2090 449 2128 ‚
477 2059 554 2128 quae
576 2036 681 2132 ipsius
700 2058 833 2129 corpus
850 2038 928 2129 est,
956 2040 1161 2112 &membra
1178 2061 1226 2118 ex

159 2153 284 2234 parte3
311 2137 428 2210 &hoa
444 2158 519 2210 non
534 2138 647 2228 duos,
675 2137 733 2210 sed
749 2140 786 2208 in
799 2158 903 2210 unam
920 2157 1061 2212 carnem
1077 2159 1228 2212 concre·
1286 2169 1299 2234 '.

160 2255 220 2312 tos
238 2238 343 2310 Deua
361 2237 572 2328 conjunxit,
596 2237 824 2329 prohibens,
849 2259 897 2309 ne
911 2238 1026 2311 homo
1044 2240 1251 2318 ecclesiam.

162 2339 284 2412 aDeo
300 2336 488 2432 disjungat.
539 2333 587 2408 Et
603 2357 724 2428 vero,
750 2338 809 2427 qui
833 2356 981 2429 operam
1003 2337 1091 2430 dat,
1113 2359 1160 2411 ne
1179 2336 1232 2410 se·

161 2453 328 2532 paretur,
350 2433 506 2510 ¹confidit
520 2436 612 2528 quasr
634 2438 693 2526 qui
714 2437 859 2510 minime
879 2435 1091 2528 separandus
1110 2436 1170 2510 iit:
1192 2438 1230 2510 dr

161 2541 227 2610 ait:
256 2540 343 2628 Quis
356 2561 415 2605 nos
420 2539 611 2629 separabitur
628 2539 789 2606 charitate
803 2537 921 2633 Cbrr'flr'
931 2531 947 2607 ‚²
971 2533 1229 2613 Pharisaeorum

164 2657 250 2734 ergo
269 2636 381 2730 gratia
406 2634 572 2725 scripturn
595 2636 654 2731 hie
671 2634 722 2709 est
738 2633 849 2708 iilud:
879 2636 972 2729 Quod
995 2640 1079 2706 Deus
1094 2640 1232 2732 conjun-

163 2743 235 2820 xit,
265 2739 354 2806 bomo
367 2759 435 2805 non
448 2737 592 2830 separer:
620 2752 657 2807 at
672 2732 927 2809 Pharisaeorum
949 2733 1231 2827 praestantissimis

161 2837 234 2922 ,dici
252 2831 391 2927 potest:
419 2839 512 2928 Quod
522 2861 589 2928 ergo
608 2839 694 2905 Deus
709 2838 899 2931 conjunxit,
915 2836 1003 2905 nihil
1010 2832 1154 2930 separet,
1168 2857 1233 2907 ne·

162 2958 233 3028 que
250 2935 493 3028 principatus,
519 2955 636 3026 neque
648 2933 805 3027 potestas
821 2957 833 3021 3
860 2956 940 3008 nam
957 2936 1016 3024 qui
1037 2934 1231 3025 conjunxit

166 3033 266 3110 Deus
289 3035 454 3107 omnibus
470 3033 659 3126 potentior
680 3031 757 3125 est,
784 3052 861 3124 quae
882 3034 999 3125 quivis
1023 3036 1232 3130 excogitata

166 3133 334 3229 proferre
355 3135 527 3224 potuerit.

242 3244 302 3314 ιθ.
325 3231 408 3305 Post
422 3225 740 3305 illai'har'isaeorum
758 3231 955 3303 sermonem
973 3229 1234 3322 expendemus,

165 3354 273 3426 quem
292 3332 336 3406 ad
355 3330 471 3426 Jesurn
491 3332 695 3405 habuerunt
708 3331 763 3404 his
780 3331 920 3402 verbis:
948 3333 1037 3422 Quid
1052 3335 1119 3422 argi
1136 3336 1235 3425 Moy·

163 3435 209 3524 ser
234 3434 407 3503 mundavit
428 3433 655 3503 tarantarum
678 3433 819 3527 repudii,
852 3427 890 3505 (i
915 3425 1104 3506 dimittere?
1135 3426 1235 3502 Con·

166 3531 374 3620 ¹sentarneum
395 3532 462 3605 erit
479 3530 581 3623 super
598 3532 651 3605 his
670 3532 792 3604 locum
817 3552 837 3601 e
860 3529 1153 3606 Deuteronomio
1173 3552 1236 3622 pe-

165 3645 268 3726 tere,
296 3632 421 3721 inquo
439 3633 483 3705 de
499 3633 592 3704 libro
606 3630 744 3723 repudii
760 3631 895 3723 agitur,
923 3630 985 3719 qui
999 3629 1079 3708 tuiis
1096 3625 1166 3702 est:
1196 3633 1236 3700 Sa'

166 3737 319 3830 acceperit
335 3732 425 3826 homo
444 3756 588 3818 urrerem,
615 3729 654 3806 (5
672 3730 821 3805 habuerit
841 3753 928 3815 eom,
949 3731 994 3808 (Ἰ
1015 3733 1237 3808 raonirrverrav

149 3825 215 3916 'rit
225 3837 369 3927 gratiam
384 3848 461 3902 ante
475 3831 573 3902 mulos
594 3835 662 3929 ejus
677 3828 803 3927 propter
823 3831 962 3928 aliquam
969 3828 1155 3922 ,feditatem
1164 3878 1175 3914 ,
1202 3829 1237 3900 dr

171 3951 321 4030 cetera,
348 3925 440 4004 adid
455 3952 569 4022 usque
584 3954 593 4004 ε
619 3931 673 4006 Ne
686 3927 810 4029 percote
826 3923 961 4022 faciatis
978 3944 1098 4003 tetram
1108 3976 1119 4009 ,
1144 3933 1238 4021 quam

218 4027 369 4130 origum
389 4033 479 4113 rom.
499 4032 568 4108 xt.
788 4023 826 4106 K
1082 4026 1197 4105 Dami-
