2800 4567
234 353 238 360 .
282 251 345 329 ru
370 195 744 328 marcomere
777 249 898 333 ron.
922 253 1013 336 xv.
1114 279 1183 354 »ῃ

120 418 268 492 ratione
283 417 505 507 tolerarunt,
536 415 595 506 qui
611 427 695 488 ante
711 414 933 490 undecimam
962 415 1066 490 acciti
1085 418 1183 512 sunt)

122 536 208 611 cunt
228 513 483 610 patrisfamilias
507 514 713 611 dignitatem
735 513 944 610 ignorarent
965 517 1088 608 primi,
1114 539 1184 592 nee

122 615 294 690 adversus
320 636 400 686 eum
418 615 560 694 minime
573 613 858 706 murmurandum
881 613 1184 706 eliescirentam·

122 718 220 889 plius
241 713 371 805 aliquid
394 712 509 786 salutis
533 726 640 803 atque
657 711 873 805 posteriores
890 713 1008 807 adepti
1029 713 1185 811 fuerint,

142 811 436 887 e'consecuturos
457 807 768 901 existimaverunt,
795 813 828 886 de
851 814 1017 888 adversus
1036 827 1187 908 patrem·

124 911 276 988 familias
296 909 537 1003 mullirarunt,
562 912 667 984 nobis
686 909 873 1003 postremis
889 913 1108 1005 invidentes,
1126 917 1187 1008 qul
1238 910 1240 914 ’

125 1033 194 1108 per
219 1012 321 1085 unius
347 1006 461 1083 solum
486 1009 585 1083 horae
608 1008 757 1103 spatium
781 1012 825 1083 ad
846 1005 1187 1088 consummationem

124 1113 239 1202 usque
268 1130 359 1203 opus
384 1106 595 1192 fecerimus,
628 1109 662 1183 or
691 1111 840 1202 aequales
864 1124 982 1185 tamen
1004 1111 1044 1184 iis
1068 1111 1188 1186 efferri

125 1211 246 1293 fimus,
257 1211 315 1302 qui
332 1209 374 1282 ad
393 1209 548 1282 divinam
566 1215 708 1284 vineam
726 1211 769 1282 ab
784 1211 888 1283 initio
906 1211 1073 1284 advocati
1088 1213 1186 1286 sunt:

127 1324 167 1382 at
188 1305 437 1402 paterfamilias
454 1307 514 1380 uni
536 1307 701 1402 illorum,
727 1308 789 1400 iplr
806 1308 951 1383 fortalle
964 1309 1119 1404 Adamo,
1138 1313 1188 1385 di·

130 1409 206 1482 xit:
233 1403 354 1496 Amice,
387 1408 559 1499 nonsatis
587 1407 650 1479 rili
672 1409 851 1506 injuriam
882 1408 1045 1481 marns'sx
1060 1414 1187 1483 denario

128 1509 306 1604 convenisti
322 1503 460 1580 mecum?
485 1500 596 1598 fille,
621 1510 700 1606 quod
714 1505 879 1604 rsum'esi,
905 1509 1051 1598 moade,
1087 1523 1193 1584 tuum.

107 1637 111 1642 ¹
130 1607 264 1702 quippe
284 1605 334 1680 est
352 1604 463 1696 salus,
488 1604 746 1698 que-denarius
762 1605 832 1681 est:
864 1609 1187 1702 torrentemque,
1229 1675 1232 1682 .

129 1713 169 1786 ts
195 1709 271 1778 huic
298 1709 371 1776 dare
394 1705 473 1799 ficut
493 1705 533 1782 d
558 1705 638 1796 tibi,-
671 1727 740 1780 nec
764 1705 874 1799 dixit,
900 1709 969 1796 his,
1004 1705 1192 1782 sedunum

130 1809 285 1899 aliquem
305 1806 472 1880 eximium
494 1804 527 1878 δι
548 1807 813 1898 praecellentem
842 1807 1058 1903 designavit,
1086 1828 1193 1900 quem

132 1908 290 1980 indicare
317 1906 541 1978 temerarium
567 1901 642 1992 est3
670 1920 706 1977 at
723 1923 798 1978 non
817 1908 944 1999 procul
961 1925 981 1978 a
996 1924 1088 1980 vero
1106 1904 1195 1978 Pau·

131 2007 207 2080 lum
228 2007 324 2078 hunc
342 2002 411 2075 elle
430 2001 631 2098 apostolum
648 2005 778 2096 conjici
796 2005 929 2097 potest,
943 2008 1002 2096 qui
1020 2027 1090 2078 una
1103 2008 1194 2080 hora

134 2107 238 2200 operi
261 2101 521 2195 incubuit'prae
544 2104 711 2176 omnibus
735 2100 903 2195 fortall'e,
931 2109 988 2194 qui
1007 2108 1068 2199 ipsr
1085 2105 1195 2178 antei·
1219 2139 1221 2142 ·

132 2216 278 2279 verunt.
330 2202 443 2301 Quod
466 2201 492 2274 ir
519 2201 551 2273 ds
574 2199 618 2274 de
637 2204 744 2276 vinea
768 2202 896 2293 aliquid
919 2204 1107 2278 dicendum
1131 2203 1195 2297 est,

133 2305 254 2400 petito
274 2301 317 2374 ab
335 2322 381 2374 eo
398 2315 627 2398 argumento,
655 2304 715 2392 qui
738 2303 1114 2396 aliquamproponens
1138 2325 1196 2398 pa·

134 2403 320 2493 rabulam,
347 2401 430 2492 quid
449 2399 489 2473 fit
509 2401 637 2490 vinea,
662 2398 852 2494 patefecit,
877 2402 1017 2475 vineam
1033 2399 1100 2474 elle
1117 2422 1197 2496 reg·

135 2524 221 2578 num
241 2499 311 2572 Dei
325 2500 653 2595 pronuntiabimus3
679 2501 726 2572 src
741 2503 833 2576 enim
850 2499 921 2594 ipse
937 2503 1010 2576 hoc
1028 2505 1114 2574 loco
1132 2505 1198 2574 aits

136 2601 316 2694 Auferetur
338 2627 358 2670 a
379 2600 466 2670 vobis
489 2622 612 2694 regnum
641 2603 723 2687 Dei,
749 2609 787 2676 U
809 2603 932 2674 dabitur
950 2607 1048 2696 genri'
1058 2599 1200 2693 facienti

133 2699 267 2799 fruc‘ius
288 2703 365 2795 ejus.
417 2701 642 2793 Quicumque
669 2715 756 2796 ergo
790 2701 825 2773 in
860 2701 1060 2774 excolenda
1091 2703 1201 2773 vinea

137 2819 231 2896 opus
256 2800 449 2888 facientes,
484 2815 596 2891 opera
616 2801 717 2893 regni
739 2799 809 2872 Dei
834 2797 944 2873 salute
969 2800 1082 2897 digna.
1101 2819 1202 2893 pera·

137 2914 248 3004 gunt,
276 2897 455 2972 denarium
473 2893 658 2990 recipient.

215 3001 274 3094 36.
294 2997 487 3088 *Postquam
511 3009 556 3067 ea*
574 2994 676 3088 super
700 2994 884 3090 proposita
908 2995 1079 3090 parabola
1103 2991 1202 3070 dille·

136 3097 294 3186 ruimus,
330 3099 405 3168 haec
431 3097 535 3168 ctiam
562 3091 663 3188 super
691 3115 731 3168 ea
755 3098 861 3170 nobis
886 3095 923 3169 in
949 3113 1103 3171 mentem
1138 3115 1202 3170 ve·

137 3199 277 3291 olunt,
294 3215 370 3288 qua
391 3197 444 3266 his
465 3196 564 3268 utilla
588 3191 657 3268 elfe
679 3188 846 3288 poliunt,
875 3214 965 3290 quos
987 3190 1201 3289 profundior

140 3301 175 3372 de
199 3294 425 3370 reconditior
449 3287 602 3368 offendit
627 3293 891 3388 interpretatio.
952 3294 1090 3387 Aliquis
1112 3313 1201 3390 ergo

140 3409 259 3472 totam
285 3396 470 3470 hominurn
487 3397 620 3485 vitam,
648 3392 741 3470 diem
757 3399 794 3468 in
815 3395 986 3489 parabola
1003 3391 1202 3488 expressum

144 3493 244 3586 elfe;
271 3516 311 3567 ac
328 3493 427 3585 idea,
444 3496 503 3586 qul
521 3514 539 3564 a
556 3494 686 3567 teneris
703 3493 900 3591 unguiculis
920 3493 1110 3569 &ineunte
1126 3508 1207 3569 aeta·

143 3609 182 3671 te
199 3596 244 3670 ad
264 3614 374 3687 opera
389 3595 486 3690 regni
503 3591 573 3665 Dei
590 3585 752 3666 facienda
768 3595 888 3667 vocati
907 3595 1006 3688 sunt,
1034 3613 1097 3667 eos
1122 3587 1206 3688 elie,

146 3715 239 3788 quos
263 3687 399 3767 summo
421 3709 523 3780 manc
544 3693 717 3765 conducit
738 3688 1007 3788 paterfamillas,
1036 3691 1206 3767 declarari

148 3797 267 3884 dicet3
294 3797 355 3882 qul
377 3808 513 3884 tutem,
527 3789 713 3885 postquam
735 3791 993 3886 adoleverunt,
1011 3791 1126 3866 Deum
1145 3809 1207 3863 co·

147 3895 224 3972 lere
239 3890 436 3988 incipiunt,
463 3907 528 3966 eos
551 3883 639 3983 else,
666 3887 724 3986 qul
747 3891 828 3992 poll
851 3886 992 3968 'tertiam
1008 3884 1133 3990 horam
1152 3907 1207 3964 ac·
1235 3937 1238 3947 ·

168 4081 172 4087 ,
207 3987 569 4090 cressoneres
612 4005 641 4012 ''
724 3989 801 4068 “8
858 4025 860 4030 ·
1056 3985 1160 4065 celie-
