2800 4567
237 273 355 355 01N
378 274 752 379 Murranum
783 274 904 366 Tora
929 275 1045 356 xrrr.
1124 252 1126 256 ’
1156 300 1201 378 19

125 437 327 530 aliquando
341 460 435 514 vero
450 441 486 514 in
501 462 649 535 aqusm3
678 442 763 533 quid
776 444 864 516 item
877 461 953 514 uon
970 461 991 516 s
1007 438 1201 535 discipulis,

126 537 190 620 sed
209 542 254 611 ab
274 538 351 634 ipso
369 540 483 616 solum
501 539 586 637 Jesu'
602 540 757 636 potuisse
776 541 910 616 sanari:
936 563 1018 615 nam
1038 542 1062 614 s1
1082 547 1199 616 omnis

130 640 306 735 morbus,
333 640 366 713 δι
387 641 535 715 adversa
550 645 745 817 valetuffio,
773 664 850 735 quae
868 658 955 715 tunc
969 632 1143 736 temporis
1161 646 1199 717 iu

127 742 274 839 populo
289 741 432 815 curavit
443 741 618 818 Servator
632 764 682 816 no
716 765 773 826 er,
799 745 843 817 ad
859 747 981 815 varios
996 746 1199 817 animorum

128 842 286 916 morbos
303 840 536 936 reseruntur,
554 844 685 916 rationi
701 842 980 943 consentaneum
994 841 1045 914 est
1057 862 1122 937 per
1140 864 1201 934 pa·
1279 835 1285 847 ’

128 944 326 1035 -nlyticos,
352 944 471 1016 animo
494 940 674 1037 remissos,
702 943 736 1016 dr
756 946 938 1037 jacentem
957 943 1198 1035 incorpore,

136 1061 169 1113 sc
185 1040 388 1116 resolutum
409 1044 584 1132 babentes
602 1045 756 1118 animum
776 1046 968 1140 deignari3
996 1063 1061 1138 per
1081 1062 1215 1115 cecos·

133 1142 217 1242 item
231 1140 404 1234 indicari,
431 1162 620 1236 caecosque
634 1164 764 1234 revera
776 1143 866 1237 effe,
885 1145 943 1236 qui
957 1142 1052 1213 circa
1062 1162 1118 1214 res
1132 1140 1200 1214 soli

133 1242 254 1314 animo
270 1241 470 1316 manifestas
482 1247 694 1334 caecutiunt3
723 1246 781 1335 qui
798 1243 946 1340 veroad
958 1239 1114 1314 salutaris
1129 1239 1199 1314 ser·

134 1345 248 1416 monis
266 1340 526 1435 susceptionem
543 1342 827 1437 obsurduerunt,
852 1364 917 1436 per
933 1343 1057 1417 surdos
1071 1338 1199 1436 fignifi-

85 1441 88 1450 '
141 1441 220 1514 cari.
286 1440 562 1516 Convenienter
580 1445 663 1539 bis,
693 1466 770 1535 quae
789 1445 832 1518 ad
853 1442 1070 1515 Lunaticuna
1089 1441 1201 1533 perti·

137 1556 221 1612 nent
241 1542 476 1615 examinanda
494 1560 611 1619 erunt.
668 1544 701 1617 ls
727 1562 845 1618 autern
868 1540 1015 1616 affertos
1040 1554 1200 1637 aegrotos

134 1659 195 1734 per
216 1641 409 1714 intervalla
428 1663 506 1716 non
526 1645 655 1742 exigua
673 1638 836 1736 invadit,
862 1645 899 1715 in
925 1642 1054 1734 quibus
1071 1642 1158 1713 nihil
1179 1662 1200 1713 a

139 1736 219 1812 suro
239 1740 385 1815 videtur
402 1738 548 1815 differre
560 1727 595 1849 ζ,
607 1744 668 1835 qui
684 1765 731 1818 eo
748 1747 910 1831 laborat,
938 1742 1082 1832 quando
1102 1740 1200 1814 hunc

139 1840 306 1916 videlicet
321 1842 487 1937 epilepsia
502 1862 578 1917 non
598 1846 762 1937 corripit.
819 1843 969 1917 Talibus
993 1847 1086 1913 v'ero
1103 1859 1200 1913 mor-

141 1939 187 2011 bis
204 1941 414 2026 laborantes
433 1944 571 2017 animos
584 1946 768 2036 invenias,
793 1946 853 2038 qui
872 1943 961 2037 saepe
975 1942 1012 2013 ln
1025 1938 1201 2034 castitate,

135 2039 282 2135 ‘aliisque
307 2041 504 2117 virtutibus
534 2040 630 2117 redte
659 2044 784 2117 valere
815 2043 1035 2130 creduntur3
1071 2041 1201 2113 deinde

138 2142 236 2238 qmss
252 2140 419 2237 epilepsia
442 2142 620 2249 quadam,
659 2165 705 2218 *ea
725 2165 893 2236 nempe,
919 2162 1001 2236 quae
1020 2142 1064 2212 ab
1092 2140 1201 2220 animi
1275 2143 1286 2164 ⁰

140 2243 467 2346 perturbatipnibus
486 2244 623 2337 oritur,
650 2244 922 2337 corripiuntur,
945 2240 1033 2315 &ab
1048 2261 1094 2315 eo
1107 2238 1201 2312 statu

137 2339 328 2435 decidunt,
355 2344 427 2433 buo
444 2342 534 2417 staro
552 2343 790 2436 videbantur,
818 2345 950 2439 &erga
966 2341 1080 2415 seculi
1096 2340 1201 2430 huius

139 2438 329 2535 fallaciam,
356 2442 584 2536 reliquasque
607 2444 823 2539 cupiditates
836 2448 1035 2538 rapiuntur.
1086 2435 1203 2511 Forsi-

139 2552 195 2615 tan
219 2562 309 2637 ergo
328 2541 471 2616 minime
493 2544 750 2636 aberraveris,
769 2546 792 2618 sr
814 2546 980 2622 homines
1002 2538 1202 2633 ejusmodi,

140 2644 194 2731 qui
212 2643 468 2739 aspiritqpls'bm
483 2651 636 2743 nequitia
652 2652 690 2715 r'n
700 2645 864 2743 celestibus
880 2644 1117 2735 dejiciuntur,
1137 2635 1203 2731 spi·

138 2735 227 2834 ritu,
254 2755 297 2813 ut
313 2744 362 2814 ita
382 2742 516 2836 dicam,
544 2744 725 2817 lunaticos
750 2741 819 2818 else
842 2744 966 2834 dicas,
994 2738 1203 2831 &persaepe

136 2844 223 2915 male
240 2840 275 2915 se
295 2843 449 2935 habere,
477 2864 551 2935 quo
569 2842 887 2937 scilicettempore
906 2844 1044 2923 animos
1057 2840 1204 2911 illorum

101 2937 118 3026 ’,
133 2944 426 3032 perturbationes
452 2941 485 3016 δι
508 2939 654 3040 affedlus
677 2945 885 3036 invadunt,
913 2942 1083 3014 cadentes
1112 2957 1204 3010 non·

131 3060 315 3132 nunquam
329 3043 365 3114 in
379 3042 496 3140 ignem
511 3037 846 3137 inflammationum,
863 3041 1007 3137 quando
1023 3035 1147 3134 (juxta
1161 3057 1205 3112 es

137 3160 212 3233 quae
224 3144 264 3216 in
281 3140 377 3216 Osee
393 3141 615 3241 babellum)
636 3145 854 3215 adulterantes
875 3143 960 3243 qross
977 3142 1118 3213 clibanus
1132 3139 1204 3227 sur·

135 3244 240 3334 census
249 3240 403 3338 aflamnra
415 3247 454 3315 ad
467 3244 636 3316 cessionem
647 3246 777 3341 ambusti
784 3266 798 3331 ‚·
813 3244 1003 3337 aliquando
1015 3242 1203 3331 inaquam,

133 3340 279 3434 quando
299 3362 362 3415 rex
380 3344 558 3436 omnium,
575 3345 688 3437 quiin
705 3346 804 3437 aquis
821 3343 920 3436 sunt,
939 3342 1159 3431 draconum,
1184 3359 1205 3412 n

132 3442 378 3535 respirationis
401 3445 588 3543 libertate,
617 3463 686 3534 qua
711 3444 781 3517 frui
806 3446 1050 3533 videbantur,
1077 3459 1142 3510 eos
1166 3438 1204 3511 in

130 3542 355 3636 profundum
371 3541 542 3617 fludluum
557 3546 661 3618 maris
677 3545 840 3618 humane
860 3545 945 3616 vitae
960 3539 1093 3632 dejicit.
1122 3533 1204 3610 No·
1290 3541 1294 3546 ’

130 3643 186 3716 bis
208 3654 327 3715 autem
350 3632 394 3714 ad
415 3664 513 3735 eam,
542 3664 649 3735 quam
666 3640 770 3737 super
785 3645 966 3717 Lunatico
986 3640 1203 3735 protulimus

127 3743 421 3836 expositionem,
442 3743 612 3837 proderit
633 3746 689 3836 is,
717 3748 775 3835 qui
797 3746 833 3816 in
851 3744 1032 3837 Sapientia
1057 3740 1102 3812 de
1120 3736 1215 3830 justi*

131 3842 276 3936 quidem
295 3844 564 3936 aequabilitate,
592 3844 626 3916 δι
647 3844 848 3919 constantia
866 3845 942 3917 ait:
976 3846 1137 3915 Narratio
1153 3840 1226 3933 pii⁴

126 3944 248 4042 simper
264 3942 304 4037 cll
320 3944 504 4041 [spientim
532 3944 577 4019 de
592 3943 638 4123 ἒς
659 3944 780 4021 aut'em
797 3964 953 4039 quorum
968 3936 1205 4055 supmiuemi·

260 4079 263 4084 ·
663 4062 703 4137 s.
1026 4054 1175 4119 mmust
