2800 4567
303 327 393 412 ‘'lN
418 329 802 411 MATTHAEUM
829 324 1121 411 10111111.»
1166 315 1243 432 iao

165 509 271 593 ptum
290 495 390 584 effer
412 517 553 569 novum
579 499 710 590 quippe
734 491 985 570 testamentum
1002 496 1171 570 ethnicos
1194 499 1233 572 in

166 600 245 690 ejus
262 597 408 671 domurn
425 617 638 670 convocans
658 598 716 689 qui
733 597 890 687 priorem
907 618 1058 669 uxorem
1069 597 1240 689 repudia.

164 700 245 789 vit,
273 698 430 770 libellum
448 700 585 787 repudii
607 699 770 790 potentia
790 696 888 769 dedit
910 699 965 788 ei,
992 717 1070 788 quae
1088 717 1107 769 a
1125 699 1230 783 viro,

163 794 265 892 Lege
282 796 441 885 scilicet,
468 796 639 869 &Verbo
656 794 873 871 discellerat:
899 811 1094 890 propterea
1109 797 1142 868 dr
1155 795 1232 888 ipse

162 895 285 969 relibia
299 898 377 986 illa,
405 899 527 977 aliam,
551 911 591 966 ut
606 899 655 968 ita
669 898 806 986 dicam,
832 898 954 983 duxit,
975 896 1114 987 repudii
1130 897 1229 971 libel·

162 999 201 1070 lo
226 997 340 1088 priori
361 999 396 1068 in
417 1017 541 1069 manus
567 997 701 1068 tradito
717 1019 730 1084 3
746 1023 748 1028 ·
764 996 925 1087 idcirco,
953 1017 1030 1087 quae
1048 996 1109 1070 fibi
1123 996 1227 1087 juxta

161 1093 298 1192 Legem
321 1095 485 1170 mandata
500 1094 604 1185 sunt,
630 1110 783 1190 propter
803 1097 960 1169 libellum
982 1096 1121 1188 repudii
1142 1117 1227 1169 exea

162 1201 221 1287 qui
251 1217 328 1268 non
348 1194 504 1288 poliunt.
556 1193 613 1266 Ac
634 1217 711 1267 eam
738 1195 879 1287 quidem
905 1197 1065 1270 libellum
1085 1196 1225 1289 repudii

160 1294 336 1387 accepilie
355 1309 567 1389 argumento
589 1295 675 1366 illud
696 1294 766 1385 est,
794 1296 893 1386 quod
916 1316 1084 1368 unacum
1105 1297 1231 1387 appel·-

158 1396 236 1467 lato
268 1397 312 1466 ab
335 1394 377 1465 iis
393 1394 589 1494 iantluario
606 1393 855 1486 mysteriorum
874 1447 886 1483 ,
913 1415 990 1486 quae
1006 1398 1042 1468 in
1063 1416 1109 1469 eo
1133 1393 1229 1470 fatie·
1323 1395 1325 1402 '

159 1495 381 1585 creduntur,
410 1494 525 1566 diruta
542 1494 707 1566 fueritne
721 1492 1104 1589 subversaJerusalein‚
1128 1516 1225 1568 cum·

156 1613 225 1686 que
242 1592 320 1689 ipso
343 1591 637 1666 holocaustorum
652 1596 783 1686 altari,
811 1595 976 1672 &omnis
994 1596 1133 1684 cultus,
1160 1594 1229 1686 qui·
1250 1618 1252 1621 ·

153 1694 188 1766 in
213 1715 262 1766 eo
278 1694 525 1767 exhibebatur.
573 1691 833 1788 Argumentum
853 1695 939 1765 item
957 1694 1067 1765 libelli
1083 1695 1230 1784 repudii¹
1298 1739 1300 1744 ·

152 1794 241 1866 illud
260 1791 337 1885 est,
365 1793 464 1884 quod
488 1792 575 1865 festa
593 1795 776 1866 celebrare
791 1814 865 1866 non
886 1793 1036 1887 possint,
1063 1792 1221 1886 etiamsr5

150 1896 256 1987 juxta
275 1893 332 1984 id,
358 1894 457 1983 quod
477 1893 643 1984 scriptum
664 1892 745 1983 est,
780 1890 952 1965 sententia
974 1892 1080 1986 Legis
1099 1893 1227 1984 prael·

152 1995 252 2086 piat,
279 2008 320 2064 ut
339 1991 375 2063 in
394 1994 505 2077 loco,
533 2013 636 2082 quem
653 1992 802 2086 elegerit
818 1992 997 2066 Dominus
1017 1991 1140 2081 Deus,
1167 1991 1218 2064 fe·

150 2092 202 2165 sta
218 2094 425 2180 celebrent3
453 2092 487 2163 dr
503 2092 602 2183 quod
615 2105 696 2162 tota
712 2091 902 2187 synagoga
918 2093 1063 2183 talium,
1078 2092 1219 2165 talium·

151 2213 202 2266 ve
227 2192 533 2264 facinorum-reos
553 2191 728 2285 lapidibus
754 2194 911 2263 obruere
929 2210 1003 2262 non
1027 2189 1154 2282 poffit,
1182 2189 1217 2262 ἀ

151 2291 330 2365 sexcentae
347 2291 525 2382 eiusmodi
538 2311 595 2363 res
614 2312 659 2364 err
677 2292 747 2383 iia,
775 2312 852 2382 quae
864 2288 961 2384 juffae
975 2290 1078 2383 sunt,
1104 2289 1218 2362 libelli

151 2392 292 2485 repudii
304 2407 515 2487 ‘argumenta
537 2389 644 2480 sunt3
671 2405 781 2482 atque
800 2392 916 2482 item,
942 2389 1041 2482 quod
1057 2394 1128 2487 jam
1149 2413 1217 2462 nan

151 2493 375 2590 agipraplrera,
399 2489 527 2582 &quia
539 2491 682 2563 dicunt:
709 2495 812 2584 Signa
827 2491 964 2586 amplius
979 2512 1045 2560 nan
1061 2491 1215 2566 vidimus.

150 2592 290 2688 Abstulit
302 2595 387 2662 enim
403 2617 424 2661 a
445 2592 620 2686 Jerusalem
636 2588 676 2666 (5
688 2617 709 2661 a
724 2594 835 2686 Jeme,
862 2593 911 2662 ait
923 2589 1101 2664 Dominus
1110 2592 1215 2682 juxta

150 2692 245 2765 lsaiae
260 2689 484 2782 sermonem,
509 2692 653 2762 validum
668 2690 709 2767 U
725 2691 886 2778 validam,
908 2696 1067 2784 gigantem
1075 2689 1213 2782 sarram,

153 2793 363 2884 dereliquid,
389 2812 503 2881 usque
521 2789 593 2869 ad,
615 2791 802 2884 prudentem
819 2793 1003 2862 auditorem.
1053 2788 1215 2884 Synago·

150 2911 226 2987 gani
241 2913 334 2964 vero
355 2911 507 2963 uxorem
531 2886 665 2962 duniffe
678 2889 799 2984 potest
821 2887 999 2980 Christus,
1026 2887 1155 2960 &cum
1173 2908 1216 2961 ee

148 2988 339 3078 habitalie3
363 2991 521 3062 illavero
536 2987 764 3082 postmodum
778 2991 924 3084 gratiam
941 3008 1062 3060 coram
1077 3007 1212 3060 eonon

147 3089 332 3184 reperilie:
358 3111 423 3162 cur
447 3103 566 3169 autem
582 3087 729 3184 gratiam
748 3108 870 3160 coram
886 3088 950 3160 illo
971 3108 1046 3159 non
1064 3087 1212 3159 invene·

148 3193 218 3281 rit,
247 3188 349 3264 causa
369 3192 445 3262 hee
464 3187 515 3260 est
532 3241 545 3280 ‚
572 3187 671 3278 quod
691 3187 832 3262 foeditas
851 3188 887 3260 in
911 3208 954 3258 ea
977 3187 1128 3259 inventa
1149 3186 1211 3259 sit:

148 3291 230 3382 quid
251 3294 345 3363 enim
368 3289 523 3378 fedius,
550 3308 652 3377 quam
677 3287 776 3379 quod
803 3290 906 3359 unius
927 3284 1074 3359 infesto
1097 3284 1213 3358 dimit·

146 3391 242 3464 tendi
268 3411 349 3462 cum
373 3388 561 3481 optionem
581 3388 783 3479 haberent,
810 3387 988 3458 latronem
1015 3384 1212 3461 Barabbam

141 3489 394 3564 dimittendum
415 3486 674 3573 decreverint,
709 3483 884 3560 Christum
903 3506 994 3556 vero
1018 3485 1129 3557 morti
1152 3486 1211 3557 ad·

146 3586 331 3663 dixerint?
370 3585 418 3658 Et
438 3586 520 3677 quid
545 3584 702 3678 foedius,
737 3606 839 3675 quarn
867 3586 964 3676 quod
984 3584 1028 3657 de
1052 3605 1097 3656 eo
1125 3604 1210 3677 pro-

144 3691 407 3764 nuntiaverunt
423 3707 566 3760 ornnes:
596 3687 765 3778 Crucifige,
780 3687 918 3776 crucifige
933 3709 1018 3771 eum,
1039 3687 1109 3754 rade
1126 3689 1217 3779 ajam.

143 3795 220 3862 madi
234 3794 395 3860 hominem
417 3792 453 3856 de
471 3779 587 3857 retra?
611 3786 688 3882 Qui
713 3797 803 3877 pote
823 3783 956 3858 foedum
977 3784 1011 3856 δι
1029 3783 1116 3857 illud
1132 3804 1210 3856 non

144 3892 200 3965 fit:
227 3894 368 3982 Sanguis
387 3890 454 3980 ejus
464 3885 558 3981 super
578 3909 632 3955 uas
651 3936 661 3971 ,
693 3884 734 3961 ὕ
745 3887 836 3983 super
849 3885 938 3975 filias
952 3877 1098 3980 nastros?
1123 3882 1210 3954 Pro·

143 4009 266 4086 pterea
282 4010 366 4070 curu
382 3987 476 4062 illiue
489 3986 638 4060 nomine
656 4005 770 4078 poenae
789 3981 1093 4083 reposcerentur„
1109 4001 1216 4054 euer-

621 4083 659 4163 K
689 4109 709 4188 3
1047 4082 1191 4159 ditibus
