2800 4567
322 264 387 343 IN
413 265 786 346 MATTHAEUM
818 264 937 344 Tou.
962 264 1120 359 xvii·
1160 202 1232 367 ι433
1306 276 1313 287 ”

144 450 149 455 ·
168 429 204 503 dt
221 427 361 501 tertiam
378 428 651 506 Sadducaeorum
668 432 712 504 de
723 427 981 514 resurreetione
1000 430 1230 524 questionem

167 528 378 622 conscripsit
401 531 606 605 Matthaeus.
658 533 756 630 Quin
786 532 820 605 dt
844 544 968 621 quarta
989 531 1070 623 post
1095 533 1230 614 iliama

167 630 326 720 quodam
344 628 517 704 Pharisaeo
535 654 615 707 eum
630 646 794 706 tentante
804 630 895 722 facta
911 631 961 704 est
977 633 1229 729 interrogatio,

172 729 354 819 quodnam
366 729 500 804 scilicet
511 732 804 824 foretmaudarum
815 737 963 824 'magnum
978 739 1013 801 in
1029 736 1099 825 lege.
1137 734 1229 812 Cum

165 840 229 898 tot
256 847 343 923 ergo
359 848 654 923 proponerentur
665 832 727 928 ips1
745 830 976 925 quaestiones,
1004 838 1246 931 congregatio

163 925 344 1000 Pharisaeis
358 930 401 1001 de
415 933 573 1005 rebusad
585 932 759 1007 Christum
778 933 1042 1025 pertinentibus
1054 933 1125 1025 ipse
1142 932 1231 1025 quoss

167 1046 238 1117 que
263 1048 327 1099 eos
348 1030 600 1126 interrogavit.
653 1032 835 1105 Sadducaei
866 1052 972 1126 ergo,
1000 1033 1059 1122 qui
1077 1032 1230 1108 resurre-¹

163 1127 324 1200 dionem
336 1132 415 1201 non
433 1127 501 1203 effe
524 1123 734 1219 sciscebantss
761 1151 837 1204 non
853 1152 929 1203 eam
953 1130 1089 1225 solum,
1116 1154 1230 1225 quor-a
1275 1155 1280 1207 .·

164 1227 440 1328 simplicioribui
459 1236 576 1307 ¹carnis
598 1230 806 1305 resurreetio
822 1232 969 1319 dicitur,
995 1231 1230 1326 respuebant3

165 1325 420 1401 seinamma
441 1345 518 1403 non
542 1335 653 1428 modo
677 1333 1002 1423 immortalitatem,
1030 1345 1066 1402 at
1086 1354 1231 1409 omnem

168 1427 276 1497 etiam
292 1426 589 1517 perseverantiam
608 1433 767 1504 funditus
789 1432 987 1519 tollebant,
1015 1432 1146 1505 nullam
1161 1435 1232 1505 ani·

167 1545 236 1616 mae
254 1526 364 1600 viram
390 1528 577 1622 postillam
595 1534 761 1627 corporis
783 1534 820 1606 in
835 1529 947 1602 Musis
970 1524 1106 1623 scriptis
1130 1532 1232 1627 figni-

171 1621 270 1698 ficari
296 1626 494 1706 credentes.
555 1630 714 1705 Eandem
740 1647 858 1704 autem
885 1630 928 1702 de
946 1630 1097 1704 humana
1116 1634 1231 1705 anima

167 1722 403 1817 sententiam,
438 1750 541 1821 quern
563 1732 768 1822 Sadducaei,
806 1730 850 1808 ad
878 1730 971 1802 hanc
1004 1728 1112 1821 usque
1133 1731 1231 1812 diem

172 1828 380 1898 Samaritani
395 1842 564 1926 tuentur,
592 1834 722 1922 quique
736 1831 909 1904 intereos
924 1830 1079 1922 probare
1095 1828 1130 1903 se
1143 1832 1231 1926 legis¹

168 1924 308 2018 peritos
334 1927 486 2019 volunt,
514 1929 634 2023 &pro
661 1925 875 2024 Mofis‘lege
904 1948 945 1999 ac
960 1929 1231 2003 circumcisione

168 2024 213 2113 ad
229 2028 499 2119 monemusque
516 2030 732 2127 depugnant.
784 2029 869 2102 Hoc
884 2042 1002 2101 autem
1015 2029 1060 2101 de
1077 2028 1232 2101 resurre-

167 2122 290 2195 diione
305 2128 494 2217 placitum,
521 2123 803 2220 quodnimi'rtnn
832 2130 1028 2200 tuebantur
1050 2127 1231 2218 Saddueaei

167 2222 203 2322 da
222 2220 447 2308 Samaritani,
473 2229 629 2302 futuram
646 2230 954 2342 deinceffnimae
974 2229 1084 2299 vitam
1101 2248 1231 2323 negan-

167 2336 245 2407 tes,
271 2328 420 2416 amplexi
437 2327 576 2419 quidam
595 2328 762 2419 Apostoli
780 2327 1004 2421 temporibus
1028 2325 1230 2417 Corinthii,

165 2418 1025 2521 resurredionemquoquenondaristatuebant3
1051 2428 1232 2518 dequibus

168 2523 207 2595 id
223 2522 293 2613 ipse
311 2524 447 2600 scribit:
473 2533 515 2599 St
531 2548 634 2599 autem
651 2528 799 2622 Christus
814 2530 1017 2624 predicatur,
1044 2531 1122 2625 quod
1136 2530 1236 2613 resur·
1266 2546 1272 2552 ²

171 2630 257 2694 rexit
272 2652 290 2693 a
306 2634 459 2711 mortuis,·
484 2630 628 2724 quemodo
641 2630 765 2726 quidam
777 2630 888 2696 dicunt
905 2634 942 2698 in
952 2631 1061 2712 vobis,
1086 2634 1236 2720 quoniam

169 2723 352 2812 resurretio)
370 2742 563 2798 mortuorum
579 2753 644 2798 non
659 2722 724 2825 esi?
748 2727 861 2820 Quod
876 2737 994 2803 tutem
1005 2740 1246 2799 mortuorum

167 2821 463 2900 resurredtionem
478 2826 677 2910 inficiantes
691 2824 883 2909 Corinthii,
907 2827 1010 2916 juxta
1024 2825 1234 2897 Sadducaeo-

168 2941 250 2994 rum
278 2923 511 3017 sent-entiam,
543 2924 867 3016 resurreetionem,'
893 2925 967 2995 hoc
1000 2922 1071 3005 est,
1110 2927 1236 2998 anime
1321 2992 1323 2996 ,

167 3025 432 3117 perennitatem
456 3024 690 3122 respuerent,
718 3024 772 3120 his
795 3019 951 3095 ostendit
971 3020 1110 3096 verbis:
1139 3021 1178 3097 Si
1197 3028 1236 3093 in

171 3126 233 3192 hoc
248 3125 320 3195 viria
337 3142 466 3195 tantum
480 3131 517 3195 in
543 3126 662 3223 Cirrissn
672 3128 835 3219 sperantes
848 3123 973 3213 sumar,
999 3122 1237 3211 miserabiliores

163 3226 273 3314 sumus
293 3225 636 3297 omnibuslrominibus.
688 3222 801 3319 Quod
827 3222 851 3296 sr
873 3223 1061 3318 diiigenter
1084 3240 1237 3318 perpen-

166 3324 285 3405 deris,
312 3324 451 3397 videbis
475 3346 577 3416 eum,
605 3326 663 3417 qui
682 3336 864 3416 receptam
882 3343 923 3394 ac
941 3323 1108 3396 creditam
1123 3326 1159 3395 in
1179 3340 1237 3396 ec·
1317 3347 1320 3350 ·

171 3423 276 3495 clefia
291 3439 518 3497 mortuorum
534 3422 826 3497 resurreetionem
844 3438 970 3516 negat,
982 3422 1127 3495 etiamsi
1142 3419 1238 3498 vfalso

164 3517 301 3618 neget,
328 3544 403 3596 non
420 3526 525 3615 plane
540 3526 575 3596 in
595 3525 662 3596 hac
683 3525 760 3595 vita
775 3536 915 3595 tantum
928 3522 965 3593 in
981 3516 1123 3595 Christo
1140 3520 1237 3615 spem
1292 3599 1294 3604 ,

167 3624 323 3719 pofitarn
354 3625 505 3714 habere3
532 3643 611 3698 narn
636 3623 681 3707 fi,
709 3637 751 3693 ut
769 3622 805 3695 id
831 3641 1029 3715 ponamus,
1056 3643 1143 3694 vera
1159 3621 1238 3693 non

171 3724 216 3797 srt
249 3722 384 3795 credita
417 3745 435 3795 a
461 3724 580 3798 multis
613 3718 856 3813 resurredtio,
888 3741 975 3796 non
992 3722 1028 3794 in
1060 3722 1128 3793 hac
1159 3722 1238 3792 vita

173 3837 314 3895 tantum
328 3824 363 3895 in
379 3820 519 3895 Christo
538 3822 632 3917 spem
648 3820 870 3911 collocavit,
892 3822 952 3911 qui
968 3841 1043 3894 eam
1058 3820 1238 3912 repudiat,

158 3915 325 4030 jierodo
341 3924 590 4017 vivatanima,
616 3940 692 4095 ofin
717 3918 805 3993 illud
820 3922 960 4014 quidem
972 3920 1240 4012 resumenacor-

684 4020 756 4097 he
830 4047 837 4080 ι
1094 4038 1187 4114 pur,
