2800 4567
272 286 1044 417 ιΝΜΑττΗῗευΜΤοΜ.Χνι.-
1119 342 1186 433 361
1247 347 1250 352 ·

122 496 258 594 ipfique
275 498 369 572 viam
388 496 456 570 suis
474 498 630 571 vestibus
646 494 888 590 substernunt,
915 494 949 569 ἀ
967 499 1027 587 qui
1043 518 1119 574 eam
1132 518 1190 575 ra.

124 603 192 676 mis
210 612 363 694 ornant,
390 619 457 669 nec
483 613 558 671 non
587 599 619 670 &
644 600 739 670 inter
764 618 853 688 eos,
879 597 939 689 qui
958 600 1192 700 praecedunt,

124 719 283 792 eosque,
308 699 367 788 qui
385 696 598 789 sequuntur,
626 693 898 789 disjunctionem
923 694 1058 792 semper
1081 700 1189 778 inter-

125 800 255 872 cedere
276 796 470 871 dicendum
493 797 559 871 est:
586 800 687 870 aliter
709 799 840 890 quippe
859 800 1104 891 unusquisque
1122 820 1188 893 per

122 918 180 972 res
199 918 218 970 a
234 894 268 969 se
284 896 355 987 jam
374 911 479 971 antea
493 896 605 993 gestas
621 894 735 992 Jesum
757 894 946 988 precedit,
971 917 1037 990 per
1050 918 1108 972 res
1124 921 1193 973 ve·.
1277 953 1279 957 ,

124 1018 170 1071 ro
195 991 420 1090 postmodum
446 996 521 1072 ase
540 997 712 1093 gerendas
729 995 840 1089 ipsum
863 987 1104 1090 subsequitur,
1131 997 1188 1091 δι,

126 1096 345 1189 quesctipta
356 1093 554 1187 sunt,dicir.
605 1097 729 1187 Atque
743 1098 779 1168 in
794 1096 890 1168 hunc
908 1095 1050 1187 quidem
1065 1100 1188 1173 locum

122 1196 201 1272 haec
230 1194 447 1270 comminisci
468 1197 671 1288 potuimus:
707 1200 767 1287 qui
785 1196 893 1269 nobis
913 1217 1007 1269 vero
1026 1197 1187 1292 prestat,

123 1298 227 1390 plura
249 1296 457 1391 excogitet,
484 1296 704 1392 &edoceat
752 1297 1010 1370 Verumtamen
1036 1300 1073 1370 in
1099 1318 1190 1391 quo·

125 1396 206 1473 dam
229 1392 331 1489 super
350 1398 574 1491 evangelium
593 1395 785 1471 secundum
806 1396 982 1491 Joanrtem
1008 1416 1189 1473 commen·

126 1496 223 1568 tario
237 1514 279 1566 ea
295 1513 439 1586 quoque
454 1497 568 1587 aliqua
583 1518 627 1568 ex
642 1510 745 1588 parte
764 1515 783 1567 a
800 1495 908 1568 nobis
924 1495 1077 1588 expensa
1094 1497 1189 1591 sunt,
1273 1521 1275 1526 ⁴

124 1593 271 1687 quando
289 1592 458 1668 videlicet
470 1595 556 1668 iliud
574 1594 828 1693 exponendum
844 1596 952 1667 nobis
964 1596 1188 1689 propositum

125 1709 223 1769 etat:
251 1696 292 1765 In
316 1694 486 1792 crastiuum
514 1713 620 1770 autam
648 1694 743 1768 turba
762 1694 974 1812 multaque
996 1714 1130 1772 verrunt
1148 1698 1190 1772 ad

120 1794 207 1895 *diem
217 1792 354 1891 festum,
381 1792 415 1872 ἃ
432 1797 580 1888 reliqua.

301 1989 383 2082 ¹De
410 1975 576 2131 {inqui
603 1988 744 2100 teutplo
773 1989 879 2105 ejetit‘
892 1987 1004 2108 sunt.

203 2208 261 2265 20.
288 2190 340 2263 Et
361 2193 508 2262 intrauit
535 2191 632 2289 Jesus
651 2194 696 2261 iu
715 2190 862 2286 templum
883 2194 966 2280 Dei,
994 2192 1029 2266 (5
1052 2181 1193 2283 ejiciebat

124 2310 232 2360 amnes
246 2291 418 2362 vendentes
435 2289 473 2367 U
492 2310 626 2363 ementes
646 2294 683 2359 in
699 2292 827 2384 templu,
854 2288 887 2361 ἃ
912 2292 1059 2381 reliqua.
1118 2281 1191 2359 Ex·

127 2401 209 2480 tant
224 2390 311 2468 item
329 2390 422 2482 apud
437 2391 596 2483 reliquos
615 2404 688 2463 tres
705 2388 949 2485 evangelistas,
962 2406 1193 2480 quecumque

126 2488 307 2563 habentur
323 2490 396 2563 hoe
415 2489 524 2579 loc03
552 2512 703 2582 quotum
721 2491 814 2563 inter
830 2488 864 2562 se
882 2488 1119 2563 differentiam
1135 2509 1193 2561 ex·

127 2603 270 2682 ponere
294 2609 372 2663 non
397 2585 449 2665 est
471 2591 576 2682 hujus
598 2592 688 2662 luci:
716 2611 793 2681 quae
818 2588 971 2666 enimin
998 2611 1067 2683 e0,
1094 2588 1193 2679 quod
1317 2618 1321 2623 ⁴

129 2688 371 2781 explicemus,
397 2692 588 2785 evangelio
604 2692 861 2782 continentur,
882 2710 951 2782 pro
968 2691 1060 2763 virili
1076 2691 1196 2782 expla-
1318 2733 1323 2754 t

123 2784 322 2862 satietatis
341 2788 429 2877 erit3
457 2810 537 2866 cum
553 2804 708 2879 quatuor
718 2785 1077 2884 evangelistpeadem
1090 2786 1195 2884 scrip·

127 2882 259 2979 serint,
285 2908 362 2979 quae
379 2888 436 2960 hic
456 2885 756 2983 prepofitasunt,
781 2887 942 2979 pluribus
972 2910 1014 2960 ea
1040 2906 1107 2981 pro
1140 2890 1195 2960 vi·

130 2987 232 3061 ribus
253 2985 382 3061 uostris
401 2986 609 3081 perscrutati
628 2986 765 3077 sumus,
791 3005 873 3071 cum
899 2988 1124 3082 evangelium
1147 2984 1197 3060 se·

132 3086 290 3161 eundum
307 3085 483 3180 Joannem
500 3085 873 3180 interpretaremur,&
894 3087 1013 3179 quoad
1029 3088 1104 3179 ejus
1120 3082 1196 3164 fieri

130 3199 298 3281 poterat,
324 3188 399 3262 huc
415 3199 681 3261 exenteremus:
712 3188 758 3260 Et
778 3190 909 3257 inuenit
931 3189 1097 3281 intemplo
1116 3212 1195 3276 veru
1256 3260 1258 3267 J

131 3286 364 3364 dmtetbtven
389 3284 427 3361 (ἶ
440 3312 532 3374 oves,
559 3286 597 3364 (Ἰ
617 3287 790 3376 columbas,
816 3285 1021 3384 &reliqum
1048 3287 1097 3360 ibi
1117 3307 1193 3363 non

134 3386 315 3467 minimam
338 3386 429 3459 hanc
452 3388 546 3460 inter
568 3384 798 3479 portentosas
818 3382 900 3479 Jesu
918 3388 1072 3463 virtutes
1093 3384 1196 3462 fuisse

127 3486 354 3588 'argumentis
379 3491 590 3579 probamus:
617 3489 720 3578 quia,
748 3504 915 3577 cumpro
937 3482 1199 3562 fabrifiiioha·
1311 3570 1314 3580 Δ

131 3587 302 3676 berctus,
328 3607 372 3657 ea
389 3603 513 3659 tamen·
527 3585 607 3658 usus
627 3583 678 3658 est
694 3582 914 3659 confidentia
933 3584 965 3657 ἃ
982 3586 1198 3676 autoritate,

135 3687 173 3762 in
192 3686 341 3779 publico
360 3701 455 3758 coetu
474 3708 494 3758 e
512 3686 649 3777 templo
671 3705 737 3757 eos
757 3684 975 3777 deturbans,
1001 3686 1045 3759 de
1072 3686 1202 3780 quibus
1236 3723 1238 3728 ·
1259 3764 1264 3772 ,

134 3776 306 3878 scriptum
334 3786 401 3860 est:
429 3807 498 3876 qua
515 3782 694 3877 potestate
712 3798 817 3879 utens
838 3780 911 3875 ipse
930 3785 1087 3858 nationis
1107 3785 1202 3877 prin·

138 3906 225 3978 ceps
241 3884 277 3956 id
292 3906 369 3960 nen
384 3886 498 3973 facile.
508 3881 731 3980 perfecisset,
757 3882 856 3976 quod
872 3884 987 3981 aJesu
1005 3882 1118 3957 atium
1137 3880 1200 3981 est,

134 3983 186 4063 tt
214 3984 364 4085 Joannis
390 3986 533 4081 quidem
557 3996 740 4164 metZttem,
756 3985 893 4060 ¹litterar
918 3984 1109 4095 contextui
1133 3978 1202 4058 ser·

675 4106 694 4179 5
1062 4100 1170 4153 uten-
