<?xml version="1.0" encoding="UTF-8"?>
<!DOCTYPE html PUBLIC "-//W3C//DTD XHTML 1.0 Transitional//EN"
    "http://www.w3.org/TR/xhtml1/DTD/xhtml1-transitional.dtd">
<html xmlns="http://www.w3.org/1999/xhtml" xml:lang="en" lang="en">
 <head>
  <title>
</title>
<meta http-equiv="Content-Type" content="text/html;charset=utf-8" />
  <meta name='ocr-system' content='tesseract 3.04.00' />
  <meta name='ocr-capabilities' content='ocr_page ocr_carea ocr_par ocr_line ocrx_word'/>
</head>
<body>
  <div class='ocr_page' id='page_1' title='image "./operaomniasanct11unkngoog_0428.png"; bbox 0 0 2800 4567; ppageno 0'>
   <div class='ocr_carea' id='block_1_1' title="bbox 181 309 1309 456">
    <p class='ocr_par' dir='ltr' id='par_1_1' title="bbox 181 309 1309 456">
     <span class='ocr_line' id='line_1_1' title="bbox 181 309 1309 456; baseline 0.009 -26"><span class='ocrx_word' id='word_1_1' title='bbox 181 388 184 393; x_wconf 94' lang='lat'>-</span> <span class='ocrx_word' id='word_1_2' title='bbox 281 353 347 432; x_wconf 80' lang='lat' dir='ltr'>rra</span> <span class='ocrx_word' id='word_1_3' title='bbox 370 309 747 435; x_wconf 69' lang='lat' dir='ltr'>ntundnan</span> <span class='ocrx_word' id='word_1_4' title='bbox 777 355 900 454; x_wconf 67' lang='lat' dir='ltr'>rau.</span> <span class='ocrx_word' id='word_1_5' title='bbox 926 347 1043 437; x_wconf 79' lang='lat' dir='ltr'>xur.</span> <span class='ocrx_word' id='word_1_6' title='bbox 1126 357 1201 456; x_wconf 67' lang='lat' dir='ltr'>,tu</span> <span class='ocrx_word' id='word_1_7' title='bbox 1303 320 1309 335; x_wconf 81' lang='lat'><em>&#39;</em></span> 
     </span>
    </p>
   </div>
   <div class='ocr_carea' id='block_1_2' title="bbox 131 518 1207 616">
    <p class='ocr_par' dir='ltr' id='par_1_2' title="bbox 131 518 1207 616">
     <span class='ocr_line' id='line_1_2' title="bbox 131 518 1207 616; baseline 0 -21"><span class='ocrx_word' id='word_1_8' title='bbox 131 522 294 612; x_wconf 80' lang='lat' dir='ltr'>vientes,</span> <span class='ocrx_word' id='word_1_9' title='bbox 304 518 536 616; x_wconf 83' lang='lat' dir='ltr'>tropologice</span> <span class='ocrx_word' id='word_1_10' title='bbox 551 521 832 613; x_wconf 72' lang='lat' dir='ltr'>explicavimus,</span> <span class='ocrx_word' id='word_1_11' title='bbox 855 531 1030 613; x_wconf 81' lang='lat' dir='ltr'>quatenus</span> <span class='ocrx_word' id='word_1_12' title='bbox 1046 542 1123 597; x_wconf 78' lang='lat' dir='ltr'>aaut</span> <span class='ocrx_word' id='word_1_13' title='bbox 1137 521 1207 597; x_wconf 88' lang='lat' dir='ltr'>fui·</span> 
     </span>
    </p>
   </div>
   <div class='ocr_carea' id='block_1_3' title="bbox 130 617 1323 714">
    <p class='ocr_par' dir='ltr' id='par_1_3' title="bbox 130 617 1323 714">
     <span class='ocr_line' id='line_1_3' title="bbox 130 617 1323 714; baseline 0.001 -19"><span class='ocrx_word' id='word_1_14' title='bbox 130 642 215 697; x_wconf 86' lang='lat' dir='ltr'>mus</span> <span class='ocrx_word' id='word_1_15' title='bbox 232 619 394 704; x_wconf 64' lang='lat' dir='ltr'>assentit</span> <span class='ocrx_word' id='word_1_16' title='bbox 422 618 481 691; x_wconf 80' lang='lat' dir='ltr'>se&#39;d</span> <span class='ocrx_word' id='word_1_17' title='bbox 508 621 677 710; x_wconf 88' lang='lat' dir='ltr'>quoniam</span> <span class='ocrx_word' id='word_1_18' title='bbox 699 617 805 693; x_wconf 87' lang='lat' dir='ltr'>series</span> <span class='ocrx_word' id='word_1_19' title='bbox 828 620 1005 714; x_wconf 87' lang='lat' dir='ltr'>postulat,</span> <span class='ocrx_word' id='word_1_20' title='bbox 1031 635 1074 694; x_wconf 93' lang='lat' dir='ltr'>ut</span> <span class='ocrx_word' id='word_1_21' title='bbox 1089 623 1134 695; x_wconf 92' lang='lat' dir='ltr'>de</span> <span class='ocrx_word' id='word_1_22' title='bbox 1149 641 1206 697; x_wconf 79' lang='lat' dir='ltr'>re·</span> <span class='ocrx_word' id='word_1_23' title='bbox 1321 665 1323 669; x_wconf 31' lang='grc' dir='ltr'><em>ν</em></span> 
     </span>
    </p>
   </div>
   <div class='ocr_carea' id='block_1_4' title="bbox 128 718 1296 1513">
    <p class='ocr_par' dir='ltr' id='par_1_4' title="bbox 128 718 1296 1513">
     <span class='ocr_line' id='line_1_4' title="bbox 129 718 1206 816; baseline -0.001 -21"><span class='ocrx_word' id='word_1_24' title='bbox 129 724 200 795; x_wconf 86' lang='lat' dir='ltr'>bus</span> <span class='ocrx_word' id='word_1_25' title='bbox 216 720 407 816; x_wconf 79' lang='lat' dir='ltr'>propositis</span> <span class='ocrx_word' id='word_1_26' title='bbox 422 718 614 792; x_wconf 88' lang='lat' dir='ltr'>secundum</span> <span class='ocrx_word' id='word_1_27' title='bbox 628 719 793 795; x_wconf 82' lang='lat' dir='ltr'>Matthaei</span> <span class='ocrx_word' id='word_1_28' title='bbox 809 722 1050 795; x_wconf 81' lang='lat' dir='ltr'>narrationem</span> <span class='ocrx_word' id='word_1_29' title='bbox 1066 720 1206 812; x_wconf 80' lang='lat' dir='ltr'>dillon-</span> 
     </span>
     <span class='ocr_line' id='line_1_5' title="bbox 129 816 1296 915; baseline 0.006 -19"><span class='ocrx_word' id='word_1_30' title='bbox 129 839 232 913; x_wconf 85' lang='lat' dir='ltr'>mua,</span> <span class='ocrx_word' id='word_1_31' title='bbox 256 819 435 902; x_wconf 89' lang='lat' dir='ltr'>invocato</span> <span class='ocrx_word' id='word_1_32' title='bbox 460 816 636 911; x_wconf 76' lang='lat' dir='ltr'>sapientie</span> <span class='ocrx_word' id='word_1_33' title='bbox 651 818 789 914; x_wconf 79' lang='lat' dir='ltr'>Patre,</span> <span class='ocrx_word' id='word_1_34' title='bbox 804 823 973 915; x_wconf 82' lang='lat' dir='ltr'>agedum,</span> <span class='ocrx_word' id='word_1_35' title='bbox 999 842 1042 894; x_wconf 92' lang='lat' dir='ltr'>an</span> <span class='ocrx_word' id='word_1_36' title='bbox 1069 822 1204 913; x_wconf 83' lang='lat' dir='ltr'>aliquid</span> <span class='ocrx_word' id='word_1_37' title='bbox 1294 907 1296 912; x_wconf 71' lang='grc'><strong>,</strong></span> 
     </span>
     <span class='ocr_line' id='line_1_6' title="bbox 128 916 1199 1016; baseline -0.001 -22"><span class='ocrx_word' id='word_1_38' title='bbox 128 919 257 995; x_wconf 86' lang='lat' dir='ltr'>audaci</span> <span class='ocrx_word' id='word_1_39' title='bbox 272 916 354 1016; x_wconf 88' lang='lat' dir='ltr'>Jesu</span> <span class='ocrx_word' id='word_1_40' title='bbox 371 918 534 992; x_wconf 88' lang='lat' dir='ltr'>facinore</span> <span class='ocrx_word' id='word_1_41' title='bbox 552 919 695 1014; x_wconf 86' lang='lat' dir='ltr'>dignum</span> <span class='ocrx_word' id='word_1_42' title='bbox 713 922 771 992; x_wconf 88' lang='lat' dir='ltr'>bic</span> <span class='ocrx_word' id='word_1_43' title='bbox 786 920 951 1011; x_wconf 86' lang='lat' dir='ltr'>possrmus</span> <span class='ocrx_word' id='word_1_44' title='bbox 967 919 1199 1014; x_wconf 74' lang='lat' dir='ltr'>depromere,</span> 
     </span>
     <span class='ocr_line' id='line_1_7' title="bbox 130 1016 1205 1111; baseline 0.001 -18"><span class='ocrx_word' id='word_1_45' title='bbox 130 1021 333 1094; x_wconf 82' lang='lat' dir='ltr'>videamus.</span> <span class='ocrx_word' id='word_1_46' title='bbox 386 1016 442 1089; x_wconf 84' lang='lat' dir='ltr'>Ac</span> <span class='ocrx_word' id='word_1_47' title='bbox 466 1021 638 1111; x_wconf 90' lang='lat' dir='ltr'>primum,</span> <span class='ocrx_word' id='word_1_48' title='bbox 666 1020 832 1108; x_wconf 86' lang='lat' dir='ltr'>quidnam</span> <span class='ocrx_word' id='word_1_49' title='bbox 853 1020 895 1095; x_wconf 86' lang='lat' dir='ltr'>lit</span> <span class='ocrx_word' id='word_1_50' title='bbox 917 1021 1005 1092; x_wconf 91' lang='lat' dir='ltr'>illud</span> <span class='ocrx_word' id='word_1_51' title='bbox 1024 1020 1096 1093; x_wconf 91' lang='lat' dir='ltr'>Dei</span> <span class='ocrx_word' id='word_1_52' title='bbox 1115 1035 1205 1094; x_wconf 83' lang='lat' dir='ltr'>tem·</span> 
     </span>
     <span class='ocr_line' id='line_1_8' title="bbox 132 1118 1204 1217; baseline 0.001 -25"><span class='ocrx_word' id='word_1_53' title='bbox 132 1122 255 1217; x_wconf 85' lang='lat' dir='ltr'>plum,</span> <span class='ocrx_word' id='word_1_54' title='bbox 282 1118 470 1190; x_wconf 88' lang='lat' dir='ltr'>dicendum</span> <span class='ocrx_word' id='word_1_55' title='bbox 486 1118 557 1209; x_wconf 88' lang='lat' dir='ltr'>est,</span> <span class='ocrx_word' id='word_1_56' title='bbox 585 1118 682 1208; x_wconf 91' lang='lat' dir='ltr'>quod</span> <span class='ocrx_word' id='word_1_57' title='bbox 709 1119 903 1215; x_wconf 83' lang='lat' dir='ltr'>agnoscens</span> <span class='ocrx_word' id='word_1_58' title='bbox 930 1120 1032 1193; x_wconf 83' lang='lat' dir='ltr'>Deua</span> <span class='ocrx_word' id='word_1_59' title='bbox 1056 1121 1094 1193; x_wconf 90' lang='lat' dir='ltr'>in</span> <span class='ocrx_word' id='word_1_60' title='bbox 1114 1120 1204 1193; x_wconf 91' lang='lat' dir='ltr'>Pro·</span> 
     </span>
     <span class='ocr_line' id='line_1_9' title="bbox 129 1218 1204 1317; baseline 0.002 -25"><span class='ocrx_word' id='word_1_61' title='bbox 129 1221 245 1314; x_wconf 84' lang='lat' dir='ltr'>pheta</span> <span class='ocrx_word' id='word_1_62' title='bbox 259 1218 367 1290; x_wconf 82' lang='lat' dir='ltr'>dixit:</span> <span class='ocrx_word' id='word_1_63' title='bbox 398 1221 517 1289; x_wconf 83' lang='lat' dir='ltr'>Domus</span> <span class='ocrx_word' id='word_1_64' title='bbox 533 1241 599 1290; x_wconf 84' lang='lat' dir='ltr'>mea</span> <span class='ocrx_word' id='word_1_65' title='bbox 615 1219 719 1288; x_wconf 83' lang='lat' dir='ltr'>domur</span> <span class='ocrx_word' id='word_1_66' title='bbox 739 1226 894 1291; x_wconf 79' lang='lat' dir='ltr'>orationis</span> <span class='ocrx_word' id='word_1_67' title='bbox 911 1220 1085 1295; x_wconf 78' lang='lat' dir='ltr'>vocabitur.</span> <span class='ocrx_word' id='word_1_68' title='bbox 1117 1220 1204 1317; x_wconf 78' lang='lat' dir='ltr'>Jux-</span> 
     </span>
     <span class='ocr_line' id='line_1_10' title="bbox 132 1316 1203 1414; baseline -0.001 -22"><span class='ocrx_word' id='word_1_69' title='bbox 132 1336 173 1392; x_wconf 88' lang='lat' dir='ltr'>ta</span> <span class='ocrx_word' id='word_1_70' title='bbox 192 1316 494 1391; x_wconf 80' lang='lat' dir='ltr'>circumcisionem</span> <span class='ocrx_word' id='word_1_71' title='bbox 513 1316 809 1413; x_wconf 83' lang='lat' dir='ltr'>ergosecundum</span> <span class='ocrx_word' id='word_1_72' title='bbox 830 1337 990 1406; x_wconf 80' lang='lat' dir='ltr'>tamem,</span> <span class='ocrx_word' id='word_1_73' title='bbox 1017 1319 1203 1414; x_wconf 82' lang='lat' dir='ltr'>&amp;corpo-</span> 
     </span>
     <span class='ocr_line' id='line_1_11' title="bbox 131 1414 1205 1513; baseline 0 -21"><span class='ocrx_word' id='word_1_74' title='bbox 131 1421 219 1492; x_wconf 86' lang='lat' dir='ltr'>ralia</span> <span class='ocrx_word' id='word_1_75' title='bbox 234 1419 320 1513; x_wconf 86' lang='lat' dir='ltr'>legis</span> <span class='ocrx_word' id='word_1_76' title='bbox 337 1415 424 1490; x_wconf 85' lang='lat' dir='ltr'>festa</span> <span class='ocrx_word' id='word_1_77' title='bbox 437 1438 478 1489; x_wconf 90' lang='lat' dir='ltr'>ac</span> <span class='ocrx_word' id='word_1_78' title='bbox 495 1414 682 1511; x_wconf 86' lang='lat' dir='ltr'>sacrificia,</span> <span class='ocrx_word' id='word_1_79' title='bbox 710 1422 883 1512; x_wconf 90' lang='lat' dir='ltr'>templum</span> <span class='ocrx_word' id='word_1_80' title='bbox 895 1419 969 1491; x_wconf 73' lang='lat' dir='ltr'>&#39;Dei</span> <span class='ocrx_word' id='word_1_81' title='bbox 985 1417 1205 1494; x_wconf 78' lang='lat' dir='ltr'>existimaba-</span> 
     </span>
    </p>
   </div>
   <div class='ocr_carea' id='block_1_5' title="bbox 133 1515 1321 1612">
    <p class='ocr_par' dir='ltr' id='par_1_5' title="bbox 133 1515 1321 1612">
     <span class='ocr_line' id='line_1_12' title="bbox 133 1515 1321 1612; baseline 0.002 -22"><span class='ocrx_word' id='word_1_82' title='bbox 133 1531 194 1591; x_wconf 87' lang='lat' dir='ltr'>tur</span> <span class='ocrx_word' id='word_1_83' title='bbox 211 1517 281 1589; x_wconf 83' lang='lat' dir='ltr'>elle</span> <span class='ocrx_word' id='word_1_84' title='bbox 299 1515 483 1609; x_wconf 82' lang='lat' dir='ltr'>opificium</span> <span class='ocrx_word' id='word_1_85' title='bbox 498 1518 584 1589; x_wconf 92' lang='lat' dir='ltr'>illud</span> <span class='ocrx_word' id='word_1_86' title='bbox 601 1541 621 1589; x_wconf 92' lang='lat' dir='ltr'>e</span> <span class='ocrx_word' id='word_1_87' title='bbox 637 1518 811 1612; x_wconf 81' lang='lat' dir='ltr'>lapidibus</span> <span class='ocrx_word' id='word_1_88' title='bbox 827 1517 942 1592; x_wconf 81' lang='lat' dir='ltr'>sensus</span> <span class='ocrx_word' id='word_1_89' title='bbox 959 1521 1167 1611; x_wconf 74' lang='lat' dir='ltr'>expertibus</span> <span class='ocrx_word' id='word_1_90' title='bbox 1182 1539 1205 1593; x_wconf 87' lang='lat' dir='ltr'>a</span> <span class='ocrx_word' id='word_1_91' title='bbox 1317 1581 1321 1592; x_wconf 77' lang='grc'><strong>,</strong></span> 
     </span>
    </p>
   </div>
   <div class='ocr_carea' id='block_1_6' title="bbox 95 1616 1263 4005">
    <p class='ocr_par' dir='ltr' id='par_1_6' title="bbox 95 1616 1263 4005">
     <span class='ocr_line' id='line_1_13' title="bbox 95 1616 1204 1711; baseline 0.001 -21"><span class='ocrx_word' id='word_1_92' title='bbox 95 1651 98 1664; x_wconf 84' lang='lat'><em>=</em></span> <span class='ocrx_word' id='word_1_93' title='bbox 133 1617 332 1690; x_wconf 80' lang='lat' dir='ltr'>Salomone</span> <span class='ocrx_word' id='word_1_94' title='bbox 348 1617 497 1711; x_wconf 92' lang='lat' dir='ltr'>primum</span> <span class='ocrx_word' id='word_1_95' title='bbox 518 1617 779 1710; x_wconf 68' lang='lat' dir='ltr'>condrucium,</span> <span class='ocrx_word' id='word_1_96' title='bbox 806 1619 851 1691; x_wconf 90' lang='lat' dir='ltr'>ab</span> <span class='ocrx_word' id='word_1_97' title='bbox 867 1616 977 1691; x_wconf 82' lang='lat' dir='ltr'>Esdra</span> <span class='ocrx_word' id='word_1_98' title='bbox 997 1619 1127 1692; x_wconf 84' lang='lat' dir='ltr'>deinde</span> <span class='ocrx_word' id='word_1_99' title='bbox 1146 1637 1204 1691; x_wconf 89' lang='lat' dir='ltr'>re·</span> 
     </span>
     <span class='ocr_line' id='line_1_14' title="bbox 133 1714 1202 1811; baseline -0.002 -18"><span class='ocrx_word' id='word_1_100' title='bbox 133 1716 346 1806; x_wconf 87' lang='lat' dir='ltr'>stauratum,</span> <span class='ocrx_word' id='word_1_101' title='bbox 372 1730 409 1787; x_wconf 92' lang='lat' dir='ltr'>at</span> <span class='ocrx_word' id='word_1_102' title='bbox 423 1714 503 1808; x_wconf 92' lang='lat' dir='ltr'>post</span> <span class='ocrx_word' id='word_1_103' title='bbox 517 1715 800 1791; x_wconf 86' lang='lat' dir='ltr'>incarnationem</span> <span class='ocrx_word' id='word_1_104' title='bbox 819 1717 900 1811; x_wconf 89' lang='lat' dir='ltr'>Jesu</span> <span class='ocrx_word' id='word_1_105' title='bbox 916 1740 935 1789; x_wconf 94' lang='lat' dir='ltr'>a</span> <span class='ocrx_word' id='word_1_106' title='bbox 952 1717 1124 1791; x_wconf 87' lang='lat' dir='ltr'>Romanis</span> <span class='ocrx_word' id='word_1_107' title='bbox 1141 1716 1202 1791; x_wconf 84' lang='lat' dir='ltr'>de·</span> 
     </span>
     <span class='ocr_line' id='line_1_15' title="bbox 133 1815 1202 1904; baseline -0.003 -12"><span class='ocrx_word' id='word_1_108' title='bbox 133 1838 231 1893; x_wconf 84' lang='lat' dir='ltr'>anum</span> <span class='ocrx_word' id='word_1_109' title='bbox 257 1816 433 1904; x_wconf 82' lang='lat' dir='ltr'>dirutum3</span> <span class='ocrx_word' id='word_1_110' title='bbox 460 1816 495 1887; x_wconf 72' lang='grc' dir='ltr'>δι</span> <span class='ocrx_word' id='word_1_111' title='bbox 513 1818 589 1890; x_wconf 82' lang='lat' dir='ltr'>haec</span> <span class='ocrx_word' id='word_1_112' title='bbox 607 1818 735 1892; x_wconf 89' lang='lat' dir='ltr'>dumus</span> <span class='ocrx_word' id='word_1_113' title='bbox 750 1819 925 1901; x_wconf 80' lang='lat' dir='ltr'>orationis</span> <span class='ocrx_word' id='word_1_114' title='bbox 944 1815 1014 1891; x_wconf 85' lang='lat' dir='ltr'>elie</span> <span class='ocrx_word' id='word_1_115' title='bbox 1030 1817 1202 1890; x_wconf 87' lang='lat' dir='ltr'>credeba-</span> 
     </span>
     <span class='ocr_line' id='line_1_16' title="bbox 134 1914 1201 2010; baseline -0.001 -19"><span class='ocrx_word' id='word_1_116' title='bbox 134 1932 216 2006; x_wconf 82' lang='lat' dir='ltr'>tur3</span> <span class='ocrx_word' id='word_1_117' title='bbox 243 1935 317 2009; x_wconf 89' lang='lat' dir='ltr'>quo</span> <span class='ocrx_word' id='word_1_118' title='bbox 344 1914 472 1989; x_wconf 85' lang='lat' dir='ltr'>euerso</span> <span class='ocrx_word' id='word_1_119' title='bbox 498 1915 665 2010; x_wconf 82' lang='lat' dir='ltr'>Judaeos,</span> <span class='ocrx_word' id='word_1_120' title='bbox 689 1931 823 2009; x_wconf 88' lang='lat' dir='ltr'>utpote</span> <span class='ocrx_word' id='word_1_121' title='bbox 849 1919 996 2009; x_wconf 85' lang='lat' dir='ltr'>domum</span> <span class='ocrx_word' id='word_1_122' title='bbox 1023 1916 1201 1990; x_wconf 77' lang='lat' dir='ltr'>orationis</span> 
     </span>
     <span class='ocr_line' id='line_1_17' title="bbox 131 2015 1206 2116; baseline -0.001 -26"><span class='ocrx_word' id='word_1_123' title='bbox 131 2015 297 2116; x_wconf 83' lang='lat' dir='ltr'>jamnon</span> <span class='ocrx_word' id='word_1_124' title='bbox 316 2018 465 2108; x_wconf 83' lang='lat' dir='ltr'>amplius</span> <span class='ocrx_word' id='word_1_125' title='bbox 480 2015 675 2104; x_wconf 84' lang='lat' dir='ltr'>habentes,</span> <span class='ocrx_word' id='word_1_126' title='bbox 701 2018 927 2113; x_wconf 86' lang='lat' dir='ltr'>privilegium</span> <span class='ocrx_word' id='word_1_127' title='bbox 949 2016 1071 2091; x_wconf 90' lang='lat' dir='ltr'>itidem</span> <span class='ocrx_word' id='word_1_128' title='bbox 1087 2015 1206 2090; x_wconf 87' lang='lat' dir='ltr'>vilita-</span> 
     </span>
     <span class='ocr_line' id='line_1_18' title="bbox 137 2115 1206 2210; baseline -0.002 -19"><span class='ocrx_word' id='word_1_129' title='bbox 137 2116 251 2191; x_wconf 83' lang='lat' dir='ltr'>tionio</span> <span class='ocrx_word' id='word_1_130' title='bbox 269 2115 339 2189; x_wconf 88' lang='lat' dir='ltr'>Dei</span> <span class='ocrx_word' id='word_1_131' title='bbox 356 2117 427 2208; x_wconf 84' lang='lat' dir='ltr'>jam</span> <span class='ocrx_word' id='word_1_132' title='bbox 443 2117 592 2210; x_wconf 73' lang='lat' dir='ltr'>amplius</span> <span class='ocrx_word' id='word_1_133' title='bbox 607 2137 684 2190; x_wconf 89' lang='lat' dir='ltr'>non</span> <span class='ocrx_word' id='word_1_134' title='bbox 701 2115 860 2190; x_wconf 83' lang='lat' dir='ltr'>habuille</span> <span class='ocrx_word' id='word_1_135' title='bbox 873 2115 1070 2189; x_wconf 83' lang='lat' dir='ltr'>necellario</span> <span class='ocrx_word' id='word_1_136' title='bbox 1084 2115 1206 2189; x_wconf 86' lang='lat' dir='ltr'>dieen-</span> 
     </span>
     <span class='ocr_line' id='line_1_19' title="bbox 106 2213 1206 2324; baseline -0.001 -36"><span class='ocrx_word' id='word_1_137' title='bbox 106 2283 109 2288; x_wconf 88' lang='lat'>.</span> <span class='ocrx_word' id='word_1_138' title='bbox 138 2218 223 2291; x_wconf 92' lang='lat' dir='ltr'>dum</span> <span class='ocrx_word' id='word_1_139' title='bbox 242 2213 312 2304; x_wconf 82' lang='lat' dir='ltr'>est3</span> <span class='ocrx_word' id='word_1_140' title='bbox 339 2235 413 2324; x_wconf 75' lang='lat' dir='ltr'>guo</span> <span class='ocrx_word' id='word_1_141' title='bbox 430 2214 499 2287; x_wconf 80' lang='lat' dir='ltr'>frui</span> <span class='ocrx_word' id='word_1_142' title='bbox 520 2216 760 2290; x_wconf 85' lang='lat' dir='ltr'>credebantur</span> <span class='ocrx_word' id='word_1_143' title='bbox 775 2217 987 2311; x_wconf 87' lang='lat' dir='ltr'>privilegio,</span> <span class='ocrx_word' id='word_1_144' title='bbox 1010 2228 1206 2311; x_wconf 89' lang='lat' dir='ltr'>propterea</span> 
     </span>
     <span class='ocr_line' id='line_1_20' title="bbox 138 2311 1204 2412; baseline -0.001 -23"><span class='ocrx_word' id='word_1_145' title='bbox 138 2315 239 2412; x_wconf 88' lang='lat' dir='ltr'>quod</span> <span class='ocrx_word' id='word_1_146' title='bbox 262 2316 300 2387; x_wconf 93' lang='lat' dir='ltr'>in</span> <span class='ocrx_word' id='word_1_147' title='bbox 328 2311 502 2388; x_wconf 79' lang='lat' dir='ltr'>drationis</span> <span class='ocrx_word' id='word_1_148' title='bbox 525 2314 638 2390; x_wconf 90' lang='lat' dir='ltr'>domo</span> <span class='ocrx_word' id='word_1_149' title='bbox 660 2320 836 2407; x_wconf 85' lang='lat' dir='ltr'>orabant,</span> <span class='ocrx_word' id='word_1_150' title='bbox 867 2314 1056 2412; x_wconf 90' lang='lat' dir='ltr'>postquam</span> <span class='ocrx_word' id='word_1_151' title='bbox 1080 2313 1204 2412; x_wconf 82' lang='lat' dir='ltr'>legalia</span> 
     </span>
     <span class='ocr_line' id='line_1_21' title="bbox 138 2412 1224 2513; baseline -0.001 -24"><span class='ocrx_word' id='word_1_152' title='bbox 138 2418 258 2489; x_wconf 85' lang='lat' dir='ltr'>cultus</span> <span class='ocrx_word' id='word_1_153' title='bbox 275 2415 396 2488; x_wconf 88' lang='lat' dir='ltr'>munia</span> <span class='ocrx_word' id='word_1_154' title='bbox 417 2415 595 2489; x_wconf 87' lang='lat' dir='ltr'>obierant.</span> <span class='ocrx_word' id='word_1_155' title='bbox 646 2413 850 2513; x_wconf 85' lang='lat' dir='ltr'>Sospitator</span> <span class='ocrx_word' id='word_1_156' title='bbox 863 2434 958 2487; x_wconf 89' lang='lat' dir='ltr'>vero</span> <span class='ocrx_word' id='word_1_157' title='bbox 973 2412 1116 2507; x_wconf 89' lang='lat' dir='ltr'>noster,</span> <span class='ocrx_word' id='word_1_158' title='bbox 1144 2414 1224 2507; x_wconf 84' lang='lat' dir='ltr'>qui&#39;</span> 
     </span>
     <span class='ocr_line' id='line_1_22' title="bbox 140 2512 1208 2608; baseline -0.004 -18"><span class='ocrx_word' id='word_1_159' title='bbox 140 2513 319 2590; x_wconf 72' lang='lat' dir='ltr'>actionum</span> <span class='ocrx_word' id='word_1_160' title='bbox 345 2512 482 2588; x_wconf 88' lang='lat' dir='ltr'>suarum</span> <span class='ocrx_word' id='word_1_161' title='bbox 507 2512 712 2607; x_wconf 81' lang='lat' dir='ltr'>spiritalium</span> <span class='ocrx_word' id='word_1_162' title='bbox 739 2515 901 2608; x_wconf 90' lang='lat' dir='ltr'>symbola</span> <span class='ocrx_word' id='word_1_163' title='bbox 927 2513 1060 2606; x_wconf 85' lang='lat' dir='ltr'>edidit,</span> <span class='ocrx_word' id='word_1_164' title='bbox 1086 2535 1132 2589; x_wconf 87' lang='lat' dir='ltr'>ex</span> <span class='ocrx_word' id='word_1_165' title='bbox 1158 2527 1208 2588; x_wconf 84' lang='lat' dir='ltr'>eo</span> 
     </span>
     <span class='ocr_line' id='line_1_23' title="bbox 138 2611 1208 2710; baseline 0.002 -20"><span class='ocrx_word' id='word_1_166' title='bbox 138 2615 280 2707; x_wconf 90' lang='lat' dir='ltr'>templo</span> <span class='ocrx_word' id='word_1_167' title='bbox 295 2611 499 2688; x_wconf 84' lang='lat' dir='ltr'>vendentes</span> <span class='ocrx_word' id='word_1_168' title='bbox 515 2615 724 2689; x_wconf 80' lang='lat' dir='ltr'>&amp;ementes</span> <span class='ocrx_word' id='word_1_169' title='bbox 740 2616 981 2710; x_wconf 87' lang='lat' dir='ltr'>corporaliter</span> <span class='ocrx_word' id='word_1_170' title='bbox 996 2614 1208 2693; x_wconf 73' lang='lat' dir='ltr'>deturbant,</span> 
     </span>
     <span class='ocr_line' id='line_1_24' title="bbox 136 2711 1208 2807; baseline -0.005 -17"><span class='ocrx_word' id='word_1_171' title='bbox 136 2715 423 2791; x_wconf 83' lang='lat' dir='ltr'>numulariorum</span> <span class='ocrx_word' id='word_1_172' title='bbox 436 2711 592 2807; x_wconf 88' lang='lat' dir='ltr'>mensas,</span> <span class='ocrx_word' id='word_1_173' title='bbox 620 2714 654 2787; x_wconf 78' lang='lat' dir='ltr'>dr</span> <span class='ocrx_word' id='word_1_174' title='bbox 676 2713 863 2788; x_wconf 79' lang='lat' dir='ltr'>cathedrae</span> <span class='ocrx_word' id='word_1_175' title='bbox 885 2714 1122 2787; x_wconf 86' lang='lat' dir='ltr'>vendentium</span> <span class='ocrx_word' id='word_1_176' title='bbox 1143 2732 1208 2786; x_wconf 90' lang='lat' dir='ltr'>co·</span> 
     </span>
     <span class='ocr_line' id='line_1_25' title="bbox 134 2811 1205 2916; baseline -0.005 -24"><span class='ocrx_word' id='word_1_177' title='bbox 134 2816 276 2916; x_wconf 79' lang='lat' dir='ltr'>lumbaa</span> <span class='ocrx_word' id='word_1_178' title='bbox 293 2817 486 2904; x_wconf 86' lang='lat' dir='ltr'>everterit,</span> <span class='ocrx_word' id='word_1_179' title='bbox 513 2813 561 2906; x_wconf 80' lang='lat' dir='ltr'>dr,</span> <span class='ocrx_word' id='word_1_180' title='bbox 579 2833 659 2903; x_wconf 74' lang='lat' dir='ltr'>qum</span> <span class='ocrx_word' id='word_1_181' title='bbox 673 2811 802 2903; x_wconf 87' lang='lat' dir='ltr'>scripta</span> <span class='ocrx_word' id='word_1_182' title='bbox 817 2826 963 2904; x_wconf 86' lang='lat' dir='ltr'>extant,</span> <span class='ocrx_word' id='word_1_183' title='bbox 983 2813 1132 2899; x_wconf 84' lang='lat' dir='ltr'>dixerit,</span> <span class='ocrx_word' id='word_1_184' title='bbox 1158 2811 1205 2886; x_wconf 87' lang='lat' dir='ltr'>ad</span> 
     </span>
     <span class='ocr_line' id='line_1_26' title="bbox 136 2911 1233 3008; baseline -0.006 -17"><span class='ocrx_word' id='word_1_185' title='bbox 136 2911 415 2992; x_wconf 80' lang='lat' dir='ltr'>couversionem</span> <span class='ocrx_word' id='word_1_186' title='bbox 439 2911 619 3004; x_wconf 83' lang='lat' dir='ltr'>praesentia</span> <span class='ocrx_word' id='word_1_187' title='bbox 641 2927 717 2986; x_wconf 85' lang='lat' dir='ltr'>rum</span> <span class='ocrx_word' id='word_1_188' title='bbox 738 2911 838 2986; x_wconf 89' lang='lat' dir='ltr'>forte</span> <span class='ocrx_word' id='word_1_189' title='bbox 859 2912 1007 3001; x_wconf 89' lang='lat' dir='ltr'>populi,</span> <span class='ocrx_word' id='word_1_190' title='bbox 1035 2911 1095 3004; x_wconf 88' lang='lat' dir='ltr'>qui</span> <span class='ocrx_word' id='word_1_191' title='bbox 1121 2915 1205 2984; x_wconf 82' lang='lat' dir='ltr'>ciana</span> <span class='ocrx_word' id='word_1_192' title='bbox 1231 3004 1233 3008; x_wconf 15' lang='grc' dir='ltr'>Ι</span> 
     </span>
     <span class='ocr_line' id='line_1_27' title="bbox 139 3007 1211 3093; baseline -0.009 -1"><span class='ocrx_word' id='word_1_193' title='bbox 139 3011 293 3093; x_wconf 76' lang='lat' dir='ltr'>sanum</span> <span class='ocrx_word' id='word_1_194' title='bbox 310 3011 542 3086; x_wconf 85' lang='lat' dir='ltr'>festivitatem</span> <span class='ocrx_word' id='word_1_195' title='bbox 560 3013 596 3083; x_wconf 94' lang='lat' dir='ltr'>in</span> <span class='ocrx_word' id='word_1_196' title='bbox 614 3013 762 3085; x_wconf 89' lang='lat' dir='ltr'>nomine</span> <span class='ocrx_word' id='word_1_197' title='bbox 780 3011 853 3084; x_wconf 89' lang='lat' dir='ltr'>Dei</span> <span class='ocrx_word' id='word_1_198' title='bbox 874 3013 1056 3083; x_wconf 86' lang='lat' dir='ltr'>celebrare</span> <span class='ocrx_word' id='word_1_199' title='bbox 1074 3007 1211 3084; x_wconf 86' lang='lat' dir='ltr'>debuis-</span> 
     </span>
     <span class='ocr_line' id='line_1_28' title="bbox 140 3112 1211 3206; baseline -0.008 -15"><span class='ocrx_word' id='word_1_200' title='bbox 140 3113 217 3205; x_wconf 85' lang='lat' dir='ltr'>set,</span> <span class='ocrx_word' id='word_1_201' title='bbox 243 3112 529 3198; x_wconf 75' lang='lat' dir='ltr'>venditionibus,</span> <span class='ocrx_word' id='word_1_202' title='bbox 537 3112 852 3206; x_wconf 83' lang='lat' dir='ltr'>emptionibusque</span> <span class='ocrx_word' id='word_1_203' title='bbox 870 3130 947 3184; x_wconf 90' lang='lat' dir='ltr'>non</span> <span class='ocrx_word' id='word_1_204' title='bbox 959 3112 996 3183; x_wconf 92' lang='lat' dir='ltr'>in</span> <span class='ocrx_word' id='word_1_205' title='bbox 1010 3113 1099 3183; x_wconf 92' lang='lat' dir='ltr'>loco</span> <span class='ocrx_word' id='word_1_206' title='bbox 1118 3112 1211 3204; x_wconf 90' lang='lat' dir='ltr'>ejus·</span> 
     </span>
     <span class='ocr_line' id='line_1_29' title="bbox 140 3205 1258 3304; baseline -0.009 -12"><span class='ocrx_word' id='word_1_207' title='bbox 140 3211 244 3292; x_wconf 83' lang='lat' dir='ltr'>modi</span> <span class='ocrx_word' id='word_1_208' title='bbox 266 3211 374 3286; x_wconf 85' lang='lat' dir='ltr'>rebus</span> <span class='ocrx_word' id='word_1_209' title='bbox 397 3212 556 3302; x_wconf 82' lang='lat' dir='ltr'>idoneo,</span> <span class='ocrx_word' id='word_1_210' title='bbox 581 3208 695 3284; x_wconf 86' lang='lat' dir='ltr'>sedin</span> <span class='ocrx_word' id='word_1_211' title='bbox 713 3211 1036 3304; x_wconf 79' lang='lat' dir='ltr'>templovacabata</span> <span class='ocrx_word' id='word_1_212' title='bbox 1061 3210 1121 3283; x_wconf 89' lang='lat' dir='ltr'>hic</span> <span class='ocrx_word' id='word_1_213' title='bbox 1146 3207 1210 3283; x_wconf 89' lang='lat' dir='ltr'>ubl</span> <span class='ocrx_word' id='word_1_214' title='bbox 1256 3205 1258 3209; x_wconf 45' lang='lat'><strong><em>⁴</em></strong></span> 
     </span>
     <span class='ocr_line' id='line_1_30' title="bbox 140 3309 1209 3402; baseline -0.006 -15"><span class='ocrx_word' id='word_1_215' title='bbox 140 3315 271 3387; x_wconf 83' lang='lat' dir='ltr'>coiens</span> <span class='ocrx_word' id='word_1_216' title='bbox 286 3325 454 3402; x_wconf 90' lang='lat' dir='ltr'>tanquam</span> <span class='ocrx_word' id='word_1_217' title='bbox 471 3313 507 3382; x_wconf 93' lang='lat' dir='ltr'>in</span> <span class='ocrx_word' id='word_1_218' title='bbox 521 3311 696 3383; x_wconf 86' lang='lat' dir='ltr'>orationis</span> <span class='ocrx_word' id='word_1_219' title='bbox 718 3311 830 3386; x_wconf 89' lang='lat' dir='ltr'>domo</span> <span class='ocrx_word' id='word_1_220' title='bbox 845 3309 1144 3402; x_wconf 79' lang='lat' dir='ltr'>oraredebcbat3</span> <span class='ocrx_word' id='word_1_221' title='bbox 1171 3322 1209 3382; x_wconf 90' lang='lat' dir='ltr'>at</span> 
     </span>
     <span class='ocr_line' id='line_1_31' title="bbox 138 3406 1263 3506; baseline -0.007 -16"><span class='ocrx_word' id='word_1_222' title='bbox 138 3435 200 3490; x_wconf 86' lang='lat' dir='ltr'>rea</span> <span class='ocrx_word' id='word_1_223' title='bbox 217 3412 376 3486; x_wconf 83' lang='lat' dir='ltr'>orationi</span> <span class='ocrx_word' id='word_1_224' title='bbox 391 3411 590 3484; x_wconf 79' lang='lat' dir='ltr'>contrarias</span> <span class='ocrx_word' id='word_1_225' title='bbox 603 3410 750 3506; x_wconf 88' lang='lat' dir='ltr'>agebat,</span> <span class='ocrx_word' id='word_1_226' title='bbox 776 3409 871 3486; x_wconf 81' lang='lat' dir='ltr'>haud</span> <span class='ocrx_word' id='word_1_227' title='bbox 886 3406 1016 3501; x_wconf 83' lang='lat' dir='ltr'>-secuc,</span> <span class='ocrx_word' id='word_1_228' title='bbox 1043 3429 1085 3481; x_wconf 90' lang='lat' dir='ltr'>ac</span> <span class='ocrx_word' id='word_1_229' title='bbox 1104 3408 1211 3483; x_wconf 77' lang='lat' dir='ltr'>indi-</span> <span class='ocrx_word' id='word_1_230' title='bbox 1256 3439 1263 3452; x_wconf 69' lang='lat'><strong><em>¹</em></strong></span> 
     </span>
     <span class='ocr_line' id='line_1_32' title="bbox 142 3507 1213 3604; baseline -0.006 -18"><span class='ocrx_word' id='word_1_231' title='bbox 142 3527 227 3586; x_wconf 86' lang='lat' dir='ltr'>cata</span> <span class='ocrx_word' id='word_1_232' title='bbox 244 3511 418 3585; x_wconf 84' lang='lat' dir='ltr'>mercatui</span> <span class='ocrx_word' id='word_1_233' title='bbox 433 3510 544 3584; x_wconf 84' lang='lat' dir='ltr'>domo</span> <span class='ocrx_word' id='word_1_234' title='bbox 562 3514 727 3584; x_wconf 86' lang='lat' dir='ltr'>vendens</span> <span class='ocrx_word' id='word_1_235' title='bbox 744 3528 786 3581; x_wconf 90' lang='lat' dir='ltr'>ac</span> <span class='ocrx_word' id='word_1_236' title='bbox 801 3527 938 3600; x_wconf 87' lang='lat' dir='ltr'>emens,</span> <span class='ocrx_word' id='word_1_237' title='bbox 947 3507 1116 3604; x_wconf 85' lang='lat' dir='ltr'>pecunias</span> <span class='ocrx_word' id='word_1_238' title='bbox 1131 3528 1213 3602; x_wconf 85' lang='lat' dir='ltr'>per·</span> 
     </span>
     <span class='ocr_line' id='line_1_33' title="bbox 142 3609 1214 3702; baseline -0.006 -13"><span class='ocrx_word' id='word_1_239' title='bbox 142 3625 308 3702; x_wconf 87' lang='lat' dir='ltr'>mutana,</span> <span class='ocrx_word' id='word_1_240' title='bbox 343 3610 377 3683; x_wconf 77' lang='lat' dir='ltr'>u</span> <span class='ocrx_word' id='word_1_241' title='bbox 400 3612 439 3684; x_wconf 92' lang='lat' dir='ltr'>in</span> <span class='ocrx_word' id='word_1_242' title='bbox 452 3609 643 3684; x_wconf 75' lang='lat' dir='ltr'>cathedris</span> <span class='ocrx_word' id='word_1_243' title='bbox 669 3610 937 3684; x_wconf 79' lang='lat' dir='ltr'>vendendarum</span> <span class='ocrx_word' id='word_1_244' title='bbox 965 3609 1214 3683; x_wconf 80' lang='lat' dir='ltr'>columbarum</span> 
     </span>
     <span class='ocr_line' id='line_1_34' title="bbox 144 3707 1213 3810; baseline 0 -26"><span class='ocrx_word' id='word_1_245' title='bbox 144 3713 259 3810; x_wconf 86' lang='lat' dir='ltr'>gratia</span> <span class='ocrx_word' id='word_1_246' title='bbox 282 3708 423 3785; x_wconf 80' lang='lat' dir='ltr'>sedens:</span> <span class='ocrx_word' id='word_1_247' title='bbox 448 3707 653 3803; x_wconf 85' lang='lat' dir='ltr'>Judaeorum</span> <span class='ocrx_word' id='word_1_248' title='bbox 680 3722 800 3784; x_wconf 89' lang='lat' dir='ltr'>autern</span> <span class='ocrx_word' id='word_1_249' title='bbox 822 3707 995 3782; x_wconf 82' lang='lat' dir='ltr'>facinoris</span> <span class='ocrx_word' id='word_1_250' title='bbox 1015 3708 1213 3784; x_wconf 70' lang='lat' dir='ltr'>feditatem</span> 
     </span>
     <span class='ocr_line' id='line_1_35' title="bbox 143 3807 1215 3906; baseline -0.007 -18"><span class='ocrx_word' id='word_1_251' title='bbox 143 3828 237 3888; x_wconf 89' lang='lat' dir='ltr'>tunc</span> <span class='ocrx_word' id='word_1_252' title='bbox 251 3807 357 3906; x_wconf 71' lang='lat' dir='ltr'>:lesus</span> <span class='ocrx_word' id='word_1_253' title='bbox 374 3808 578 3900; x_wconf 89' lang='lat' dir='ltr'>abstulerit,</span> <span class='ocrx_word' id='word_1_254' title='bbox 604 3808 749 3900; x_wconf 89' lang='lat' dir='ltr'>quando</span> <span class='ocrx_word' id='word_1_255' title='bbox 762 3809 992 3906; x_wconf 83' lang='lat' dir='ltr'>negotiantes</span> <span class='ocrx_word' id='word_1_256' title='bbox 1008 3827 1097 3901; x_wconf 83' lang='lat' dir='ltr'>eos,</span> <span class='ocrx_word' id='word_1_257' title='bbox 1122 3807 1157 3879; x_wconf 81' lang='lat' dir='ltr'>br</span> <span class='ocrx_word' id='word_1_258' title='bbox 1173 3807 1215 3881; x_wconf 81' lang='lat' dir='ltr'>in</span> 
     </span>
     <span class='ocr_line' id='line_1_36' title="bbox 145 3903 1216 4005; baseline -0.005 -18"><span class='ocrx_word' id='word_1_259' title='bbox 145 3930 345 4005; x_wconf 86' lang='lat' dir='ltr'>corporeas</span> <span class='ocrx_word' id='word_1_260' title='bbox 361 3910 507 3984; x_wconf 79' lang='lat' dir='ltr'>deliciae</span> <span class='ocrx_word' id='word_1_261' title='bbox 519 3909 556 3984; x_wconf 89' lang='lat' dir='ltr'>se</span> <span class='ocrx_word' id='word_1_262' title='bbox 571 3907 822 4001; x_wconf 80' lang='lat' dir='ltr'>effundentes,</span> <span class='ocrx_word' id='word_1_263' title='bbox 848 3928 929 3984; x_wconf 84' lang='lat' dir='ltr'>cum</span> <span class='ocrx_word' id='word_1_264' title='bbox 941 3908 1045 4002; x_wconf 83' lang='lat' dir='ltr'>juxta</span> <span class='ocrx_word' id='word_1_265' title='bbox 1059 3903 1216 4002; x_wconf 74' lang='lat' dir='ltr'>prescri·</span> 
     </span>
    </p>
   </div>
   <div class='ocr_carea' id='block_1_7' title="bbox 147 4005 1194 4174">
    <p class='ocr_par' dir='ltr' id='par_1_7' title="bbox 147 4005 1194 4174">
     <span class='ocr_line' id='line_1_37' title="bbox 147 4005 1194 4174; baseline -0.003 -89"><span class='ocrx_word' id='word_1_266' title='bbox 147 4026 253 4112; x_wconf 82' lang='lat' dir='ltr'>ptum</span> <span class='ocrx_word' id='word_1_267' title='bbox 268 4011 357 4110; x_wconf 84' lang='lat' dir='ltr'>legis</span> <span class='ocrx_word' id='word_1_268' title='bbox 373 4009 501 4087; x_wconf 82' lang='lat' dir='ltr'>lelium</span> <span class='ocrx_word' id='word_1_269' title='bbox 515 4010 697 4085; x_wconf 87' lang='lat' dir='ltr'>celebrare</span> <span class='ocrx_word' id='word_1_270' title='bbox 712 4005 931 4090; x_wconf 65' lang='lat' dir='ltr'>debuiffents</span> <span class='ocrx_word' id='word_1_271' title='bbox 950 4005 1194 4174; x_wconf 58' lang='lat' dir='ltr'>reprehendit.</span> 
     </span>
    </p>
   </div>
   <div class='ocr_carea' id='block_1_8' title="bbox 0 0 1415 4567">
    <p class='ocr_par' dir='ltr' id='par_1_8' title="bbox 0 0 1415 4567">
     <span class='ocr_line' id='line_1_38' title="bbox 0 0 1415 4567; baseline 0 0"><span class='ocrx_word' id='word_1_272' title='bbox 0 0 1415 4567; x_wconf 95' lang='lat' dir='ltr'> </span> 
     </span>
    </p>
   </div>
  </div>
 </body>
</html>
