2800 4567
218 268 228 304 ‚
311 194 772 340 rnirn'r‘rnnum
802 250 1037 370 nomme
1142 209 1215 355 207
1255 375 1257 380 Ι

150 421 289 518 servani
306 409 337 493 'a
356 426 528 517 juventute
547 445 633 512 mea,
665 418 814 494 intuitus
838 415 936 516 Jesus
960 417 1085 494 dilexit
1108 439 1217 516 eum,

158 521 300 606 servata
318 525 362 595 ab
385 523 448 594 illo
464 516 563 593 fuisse
586 521 749 593 mandata
764 509 975 713 fateriff‘us
995 518 1069 613 est,
1095 540 1173 613 quae
1192 541 1215 597 a

158 624 194 698 se
212 617 760 711 seruataeisefueratprofeilus.
813 619 872 693 Hu
912 618 1040 692 senim
1057 636 1216 697 mentem

158 736 301 795 attente
327 720 541 815 inspiciens,
572 719 891 816 hoppnem'vidit,
926 721 983 810 qui
1006 719 1103 792 bona
1127 740 1216 793 con·

158 820 305 898 scientia
326 816 459 910 fretus,
485 818 519 892 se
542 815 725 913 prdposrta
747 818 911 891 mandata
929 816 1215 912 servallerpalam

159 920 334 1015 jadiabatr
360 916 433 992 atsr
453 919 728 1012 praeterreliqua
741 922 922 1005 mandata,
946 918 1102 1020 idetiam
1121 919 1218 992 addi·

163 1036 238 1094 tum
258 1039 331 1094 non
345 1014 481 1091 fuiss'et:
511 1020 630 1111 Diliges
640 1024 817 1113 proximum
843 1037 935 1089 tuum
949 1018 1032 1115 ficut
1057 1022 1212 1116 teipsum,

162 1121 379 1213 praecipuum
398 1138 439 1190 ac
459 1113 764 1211 praestantiffimum
784 1118 986 1192 mandatum
1009 1114 1155 1191 Marcus
1181 1117 1218 1191 dt

162 1218 282 1318 Lucae
293 1215 592 1308 pretermisriient.
643 1214 719 1290 Nisi
735 1219 811 1308 quis
828 1213 973 1290 fortaffe
989 1218 1083 1290 dicat
1097 1217 1218 1292 srmilia

164 1320 307 1409 quidtin
322 1313 412 1409 elle,
439 1335 514 1407 quae
531 1313 658 1412 scripta
668 1315 771 1406 sunt,
798 1330 919 1390 atnon
934 1315 976 1389 ad
995 1318 1146 1391 eundem
1161 1338 1219 1390 re·

161 1417 260 1491 ferri.
289 1414 448 1510 ,Verum
467 1415 651 1505 quomodo
667 1415 803 1489 homini
824 1413 858 1488 se
876 1429 1003 1510 preter
1021 1419 1156 1510 reliqua
1175 1417 1220 1490 il·

162 1518 222 1590 lud
238 1515 344 1589 etiam
359 1512 508 1588 leavalle
522 1514 722 1589 mandatum
740 1511 941 1610 profitenti:
970 1519 1090 1610 Diliget
1107 1521 1219 1614 proxi·

162 1642 244 1686 mum
266 1633 354 1685 tuum
357 1612 440 1711 ficut
456 1617 608 1709 teipsum,
636 1614 729 1705 quast
742 1616 885 1688 minime
900 1614 1061 1707 perfecto
1078 1614 1218 1690 dixisset

160 1715 278 1812 Jesus:
306 1719 344 1785 Si
363 1723 416 1783 vis
429 1711 585 1810 perfet'ius
603 1708 675 1806 effe,
700 1716 797 1801 vade,
820 1716 940 1813 vende,
964 1742 1031 1813 que
1046 1718 1155 1805 haber,
1175 1714 1217 1793 ὕ

161 1814 417 1909 deprimendus,
444 1813 477 1885 da
503 1828 639 1888 caetera.
698 1809 746 1884 Et
765 1812 845 1890 sane
863 1815 925 1888 nin
941 1818 977 1889 in
1003 1816 1078 1889 aliis
1097 1836 1218 1890 exem·

162 1914 319 2010 pleribus
343 1912 605 2005 quamplurimis
623 1906 819 1986 discrimina
835 1932 1088 2009 occurrerent,
1123 1916 1217 2016 adeo

163 2032 293 2086 utnon
310 2011 492 2104 universa,
518 2032 594 2103 quae
607 2025 731 2085 extant
743 2006 834 2106 apud
850 2015 1081 2110 Matthaenm,
1107 2036 1218 2089 acre·

161 2115 256 2203 liqua
279 2113 401 2186 itidem
430 2112 614 2207 evangelia
636 2110 697 2185 srbi
719 2112 875 2186 invicem
902 2131 1124 2210 congruant,
1153 2118 1219 2190 im·

161 2216 240 2307 pius
258 2211 423 2303 profedto
441 2211 648 2306 videretur,
675 2213 733 2303 qui
748 2213 949 2287 mandatum
964 2215 1066 2288 illud:
1094 2217 1220 2308 Diliges

157 2322 335 2411 proximum
346 2330 434 2381 tuum
444 2312 527 2407 ficut
543 2309 689 2407 teipsum,
716 2332 735 2382 a
751 2309 948 2387 servatore
968 2332 1049 2410 erga
1065 2315 1217 2389 divitem
1280 2363 1282 2367 ,
1309 2331 1311 2336 ‘

161 2411 304 2486 minime
332 2411 546 2506 allegatum,
583 2412 642 2483 hic
665 2408 766 2485 fuille
785 2409 952 2488 insertum
975 2411 1218 2508 suspicaretur.

162 2514 273 2587 Nunc
289 2526 406 2585 autem
428 2511 501 2585 srve
518 2523 667 2603 propter
687 2507 897 2601 scriptorum
923 2512 1144 2606 quorundam
1166 2515 1220 2589 in·
1290 2528 1292 2531 ’

164 2611 406 2707 diligentiam,
446 2607 520 2683 srve
542 2624 692 2705 propter
718 2607 887 2686 nefariam
914 2614 1113 2705 aliquorum
1135 2615 1219 2690 seri·

163 2728 284 2805 pturas
303 2710 564 2783 emendantium
580 2710 781 2803 audaciam,
810 2709 1029 2806 seupropter
1044 2734 1130 2804 eos,
1156 2714 1219 2806 qui

165 2811 246 2885 dum
263 2807 475 2900 emendant,
499 2827 566 2900 pro
589 2809 736 2880 arbitrio
751 2808 905 2902 addunt,
930 2813 990 2885 vel
1003 2811 1219 2907 detrahunt,

163 2930 289 3005 magna
331 2908 518 2981 enimvero
560 2908 812 3003 exemplarium
847 2906 963 2983 existit
1001 2908 1214 2990 differentia.

164 3006 333 3082 Profedio
355 3006 613 3099 discrepantia,
637 3025 714 3097 quae
730 3009 766 3079 in
786 3011 919 3081 veteris
942 3008 1140 3084 testamenti
1158 3030 1220 3085 ex·

164 3108 375 3201 emplaribus
394 3108 573 3193 occurrit,
604 3106 690 3179 Deo
714 3123 914 3202 annuente,
947 3111 1141 3187 remedium
1160 3111 1219 3185 ad·
1320 3164 1322 3168 .

163 3209 287 3282 hibere
308 3208 511 3299 potuimus,
544 3206 685 3298 reliquis
710 3206 927 3282 editionibus
942 3207 1014 3303 usr,
1045 3226 1087 3284 ut
1108 3230 1152 3286 ex
1174 3212 1220 3285 iis

160 3308 330 3401 judicium
347 3305 563 3380 faceremus:
582 3324 751 3397 namque
765 3308 858 3400 apud
872 3308 1091 3405 interpretes
1107 3308 1216 3390 LXX.

164 3421 317 3503 propter
333 3406 582 3499 exemplarium
600 3407 811 3479 varietatem
827 3409 933 3482 dubia
948 3424 1071 3501 eraut,
1096 3433 1117 3484 e
1132 3408 1220 3498 [reli-

165 3509 240 3600 quis
267 3506 483 3579 editionibus
507 3503 736 3579 estimatione
754 3504 864 3590 felia,
903 3522 1115 3602 perpetuum
1137 3531 1220 3588 cum

165 3608 232 3680 illis
255 3602 461 3680 consensum
488 3606 723 3693 retinuimns;
758 3604 1000 3681 &normulla
1024 3610 1164 3701 quidem
1180 3613 1219 3687 in

167 3707 311 3781 hebraeo
331 3725 406 3778 non
431 3706 588 3778 extantia
602 3701 969 3801 ,obelolconliximum
995 3728 1075 3782 cum
1091 3732 1133 3783 ea
1156 3734 1220 3807 pe·

166 3810 260 3881 nitus
278 3806 427 3896 rejicere
445 3805 587 3879 minime
601 3804 770 3877 fuerimus
786 3805 875 3894 ausr3
901 3808 1015 3900 aliqua
1029 3830 1121 3882 vero
1136 3830 1218 3885 cum

169 3903 334 3981 asteriscis
354 3904 570 4001 addidimus,
601 3918 644 3979 ut
667 3902 890 3999 perspicuum
903 3905 945 3981 srt
962 3928 1004 3982 ea
1019 3928 1088 3982 nos
1103 3932 1124 3982 e
1138 3912 1219 3985 reli·.
1277 3921 1279 3925 ’

1084 4026 1165 4098 quis
