<?xml version="1.0" encoding="UTF-8"?>
<!DOCTYPE html PUBLIC "-//W3C//DTD XHTML 1.0 Transitional//EN"
    "http://www.w3.org/TR/xhtml1/DTD/xhtml1-transitional.dtd">
<html xmlns="http://www.w3.org/1999/xhtml" xml:lang="en" lang="en">
 <head>
  <title>
</title>
<meta http-equiv="Content-Type" content="text/html;charset=utf-8" />
  <meta name='ocr-system' content='tesseract 3.04.00' />
  <meta name='ocr-capabilities' content='ocr_page ocr_carea ocr_par ocr_line ocrx_word'/>
</head>
<body>
  <div class='ocr_page' id='page_1' title='image "./operaomniasanct11unkngoog_0110.png"; bbox 0 0 2800 4567; ppageno 0'>
   <div class='ocr_carea' id='block_1_1' title="bbox 221 195 1178 354">
    <p class='ocr_par' dir='ltr' id='par_1_1' title="bbox 221 195 1178 354">
     <span class='ocr_line' id='line_1_1' title="bbox 221 195 1178 354; baseline 0.005 -24"><span class='ocrx_word' id='word_1_1' title='bbox 221 195 229 214; x_wconf 41' lang='lat'>&#39;⁵</span> <span class='ocrx_word' id='word_1_2' title='bbox 250 249 734 354; x_wconf 76' lang='lat' dir='ltr'>ruurrrnmun</span> <span class='ocrx_word' id='word_1_3' title='bbox 766 246 886 329; x_wconf 69' lang='lat' dir='ltr'>eoa.</span> <span class='ocrx_word' id='word_1_4' title='bbox 911 251 1026 346; x_wconf 81' lang='lat' dir='ltr'>xnu</span> <span class='ocrx_word' id='word_1_5' title='bbox 1133 265 1178 340; x_wconf 76' lang='lat' dir='ltr'>ar</span> 
     </span>
    </p>
   </div>
   <div class='ocr_carea' id='block_1_2' title="bbox 133 415 1179 2308">
    <p class='ocr_par' dir='ltr' id='par_1_2' title="bbox 133 415 1179 2308">
     <span class='ocr_line' id='line_1_2' title="bbox 183 415 1179 514; baseline 0.004 -24"><span class='ocrx_word' id='word_1_6' title='bbox 183 437 248 514; x_wconf 81' lang='lat'>29.</span> <span class='ocrx_word' id='word_1_7' title='bbox 273 415 481 498; x_wconf 82' lang='lat' dir='ltr'>Aiiuevero</span> <span class='ocrx_word' id='word_1_8' title='bbox 498 416 628 490; x_wconf 82' lang='lat' dir='ltr'>dixerit</span> <span class='ocrx_word' id='word_1_9' title='bbox 640 415 830 507; x_wconf 87' lang='lat' dir='ltr'>parvulum</span> <span class='ocrx_word' id='word_1_10' title='bbox 847 419 940 489; x_wconf 85' lang='lat' dir='ltr'>inter</span> <span class='ocrx_word' id='word_1_11' title='bbox 957 416 1040 508; x_wconf 83' lang='lat' dir='ltr'>iilos</span> <span class='ocrx_word' id='word_1_12' title='bbox 1058 421 1179 512; x_wconf 84' lang='lat' dir='ltr'>appel·</span> 
     </span>
     <span class='ocr_line' id='line_1_3' title="bbox 133 513 1177 616; baseline -0.002 -26"><span class='ocrx_word' id='word_1_13' title='bbox 133 517 191 604; x_wconf 88' lang='lat' dir='ltr'>ri,</span> <span class='ocrx_word' id='word_1_14' title='bbox 220 515 472 610; x_wconf 71' lang='lat' dir='ltr'>quipersesiua</span> <span class='ocrx_word' id='word_1_15' title='bbox 490 515 563 610; x_wconf 87' lang='lat' dir='ltr'>est,</span> <span class='ocrx_word' id='word_1_16' title='bbox 591 513 992 590; x_wconf 83' lang='lat' dir='ltr'>eoutenstestimonio:</span> <span class='ocrx_word' id='word_1_17' title='bbox 1016 521 1177 616; x_wconf 78' lang='lat' dir='ltr'><em>Numqui</em></span> 
     </span>
     <span class='ocr_line' id='line_1_4' title="bbox 133 614 1175 713; baseline 0.002 -23"><span class='ocrx_word' id='word_1_18' title='bbox 133 626 214 690; x_wconf 84' lang='lat' dir='ltr'>inor</span> <span class='ocrx_word' id='word_1_19' title='bbox 227 617 270 706; x_wconf 97' lang='grc' dir='ltr'>ιβ</span> <span class='ocrx_word' id='word_1_20' title='bbox 286 625 442 700; x_wconf 73' lang='lat' dir='ltr'>intervos</span> <span class='ocrx_word' id='word_1_21' title='bbox 457 629 578 703; x_wconf 60' lang='lat' dir='ltr'>omnes„</span> <span class='ocrx_word' id='word_1_22' title='bbox 603 618 657 686; x_wconf 79' lang='lat' dir='ltr'>suc</span> <span class='ocrx_word' id='word_1_23' title='bbox 673 622 774 713; x_wconf 74' lang='lat' dir='ltr'>major</span> <span class='ocrx_word' id='word_1_24' title='bbox 784 616 843 710; x_wconf 86' lang='grc' dir='ltr'>ιβ,</span> <span class='ocrx_word' id='word_1_25' title='bbox 870 615 973 706; x_wconf 85' lang='lat' dir='ltr'>&amp;qui</span> <span class='ocrx_word' id='word_1_26' title='bbox 990 614 1025 688; x_wconf 91' lang='lat' dir='ltr'>se</span> <span class='ocrx_word' id='word_1_27' title='bbox 1036 618 1175 708; x_wconf 83' lang='lat' dir='ltr'>abjece-</span> 
     </span>
     <span class='ocr_line' id='line_1_5' title="bbox 133 713 1175 813; baseline 0 -21"><span class='ocrx_word' id='word_1_28' title='bbox 133 740 175 813; x_wconf 86' lang='lat'>:,</span> <span class='ocrx_word' id='word_1_29' title='bbox 210 717 250 789; x_wconf 74' lang='lat' dir='ltr'>da</span> <span class='ocrx_word' id='word_1_30' title='bbox 264 717 302 789; x_wconf 88' lang='lat' dir='ltr'>in</span> <span class='ocrx_word' id='word_1_31' title='bbox 319 715 439 790; x_wconf 90' lang='lat' dir='ltr'>medio</span> <span class='ocrx_word' id='word_1_32' title='bbox 464 719 624 791; x_wconf 89' lang='lat' dir='ltr'>omnium</span> <span class='ocrx_word' id='word_1_33' title='bbox 647 716 870 790; x_wconf 84' lang='lat' dir='ltr'>credentium</span> <span class='ocrx_word' id='word_1_34' title='bbox 896 713 1044 788; x_wconf 64' lang='lat' dir='ltr'>effeetus</span> <span class='ocrx_word' id='word_1_35' title='bbox 1065 717 1175 792; x_wconf 84' lang='lat' dir='ltr'>fuerit</span> 
     </span>
     <span class='ocr_line' id='line_1_6' title="bbox 133 812 1176 910; baseline 0.002 -22"><span class='ocrx_word' id='word_1_36' title='bbox 133 834 192 890; x_wconf 87' lang='lat' dir='ltr'>:ut</span> <span class='ocrx_word' id='word_1_37' title='bbox 207 818 406 908; x_wconf 81' lang='lat' dir='ltr'>parvulus,</span> <span class='ocrx_word' id='word_1_38' title='bbox 423 814 499 888; x_wconf 79' lang='lat' dir='ltr'>ssve</span> <span class='ocrx_word' id='word_1_39' title='bbox 518 814 702 908; x_wconf 89' lang='lat' dir='ltr'>apostolus</span> <span class='ocrx_word' id='word_1_40' title='bbox 719 817 780 893; x_wconf 76' lang='lat' dir='ltr'>sit,</span> <span class='ocrx_word' id='word_1_41' title='bbox 806 813 880 886; x_wconf 79' lang='lat' dir='ltr'>five</span> <span class='ocrx_word' id='word_1_42' title='bbox 894 812 1107 910; x_wconf 87' lang='lat' dir='ltr'>episcopus,</span> <span class='ocrx_word' id='word_1_43' title='bbox 1123 832 1176 890; x_wconf 78' lang='lat' dir='ltr'>ta·</span> 
     </span>
     <span class='ocr_line' id='line_1_7' title="bbox 136 911 1175 1013; baseline -0.002 -25"><span class='ocrx_word' id='word_1_44' title='bbox 136 939 219 1009; x_wconf 88' lang='lat' dir='ltr'>que</span> <span class='ocrx_word' id='word_1_45' title='bbox 237 911 323 1009; x_wconf 88' lang='lat' dir='ltr'>fiat,</span> <span class='ocrx_word' id='word_1_46' title='bbox 348 936 503 1012; x_wconf 77' lang='lat' dir='ltr'>tanquam</span> <span class='ocrx_word' id='word_1_47' title='bbox 510 918 542 1013; x_wconf 83' lang='grc' dir='ltr'><strong><em>β</em></strong></span> <span class='ocrx_word' id='word_1_48' title='bbox 555 921 675 987; x_wconf 81' lang='lat' dir='ltr'>nutrix</span> <span class='ocrx_word' id='word_1_49' title='bbox 687 915 898 1010; x_wconf 76' lang='lat' dir='ltr'>faveatfilios</span> <span class='ocrx_word' id='word_1_50' title='bbox 909 919 1006 1004; x_wconf 75' lang='lat' dir='ltr'>ficas,¹</span> <span class='ocrx_word' id='word_1_51' title='bbox 1026 937 1107 990; x_wconf 87' lang='lat' dir='ltr'>eum</span> <span class='ocrx_word' id='word_1_52' title='bbox 1123 915 1175 990; x_wconf 87' lang='lat' dir='ltr'>es·</span> 
     </span>
     <span class='ocr_line' id='line_1_8' title="bbox 142 1013 1174 1112; baseline -0.003 -22"><span class='ocrx_word' id='word_1_53' title='bbox 142 1017 348 1112; x_wconf 85' lang='lat' dir='ltr'>parvulum</span> <span class='ocrx_word' id='word_1_54' title='bbox 365 1016 488 1104; x_wconf 84' lang='lat' dir='ltr'>dicet,</span> <span class='ocrx_word' id='word_1_55' title='bbox 516 1017 575 1107; x_wconf 86' lang='lat' dir='ltr'>qui</span> <span class='ocrx_word' id='word_1_56' title='bbox 593 1014 713 1112; x_wconf 86' lang='lat' dir='ltr'>aJesu</span> <span class='ocrx_word' id='word_1_57' title='bbox 733 1013 949 1088; x_wconf 84' lang='lat' dir='ltr'>monstratus</span> <span class='ocrx_word' id='word_1_58' title='bbox 972 1013 1053 1109; x_wconf 84' lang='lat' dir='ltr'>est,</span> <span class='ocrx_word' id='word_1_59' title='bbox 1081 1015 1174 1110; x_wconf 73' lang='lat' dir='ltr'>dail·</span> 
     </span>
     <span class='ocr_line' id='line_1_9' title="bbox 133 1099 1172 1210; baseline -0.002 -20"><span class='ocrx_word' id='word_1_60' title='bbox 133 1139 161 1190; x_wconf 82' lang='lat' dir='ltr'>u</span> <span class='ocrx_word' id='word_1_61' title='bbox 193 1117 366 1210; x_wconf 80' lang='lat' dir='ltr'><strong>angelum</strong></span> <span class='ocrx_word' id='word_1_62' title='bbox 391 1115 520 1188; x_wconf 90' lang='lat' dir='ltr'>saciem</span> <span class='ocrx_word' id='word_1_63' title='bbox 543 1099 613 1189; x_wconf 79' lang='lat' dir='ltr'>Dei</span> <span class='ocrx_word' id='word_1_64' title='bbox 633 1115 767 1190; x_wconf 89' lang='lat' dir='ltr'>intueri</span> <span class='ocrx_word' id='word_1_65' title='bbox 790 1111 1069 1188; x_wconf 86' lang='lat' dir='ltr'>consentaneum</span> <span class='ocrx_word' id='word_1_66' title='bbox 1089 1113 1172 1188; x_wconf 81' lang='lat' dir='ltr'>csse.</span> 
     </span>
     <span class='ocr_line' id='line_1_10' title="bbox 133 1211 1174 1312; baseline -0.001 -22"><span class='ocrx_word' id='word_1_67' title='bbox 133 1221 242 1290; x_wconf 89' lang='lat' dir='ltr'>icere</span> <span class='ocrx_word' id='word_1_68' title='bbox 259 1218 353 1288; x_wconf 90' lang='lat' dir='ltr'>enim</span> <span class='ocrx_word' id='word_1_69' title='bbox 364 1218 611 1308; x_wconf 83' lang='lat' dir='ltr'>perparvulos</span> <span class='ocrx_word' id='word_1_70' title='bbox 625 1217 685 1289; x_wconf 89' lang='lat' dir='ltr'>hic</span> <span class='ocrx_word' id='word_1_71' title='bbox 697 1211 877 1311; x_wconf 74' lang='lat' dir='ltr'>persedios</span> <span class='ocrx_word' id='word_1_72' title='bbox 889 1211 1059 1312; x_wconf 83' lang='lat' dir='ltr'>defignari</span> <span class='ocrx_word' id='word_1_73' title='bbox 1070 1214 1174 1305; x_wconf 87' lang='lat' dir='ltr'>juxta</span> 
     </span>
     <span class='ocr_line' id='line_1_11' title="bbox 133 1315 1172 1412; baseline -0.005 -22"><span class='ocrx_word' id='word_1_74' title='bbox 133 1316 207 1390; x_wconf 85' lang='lat' dir='ltr'>ud:</span> <span class='ocrx_word' id='word_1_75' title='bbox 237 1316 329 1386; x_wconf 84' lang='lat' dir='ltr'>Nam</span> <span class='ocrx_word' id='word_1_76' title='bbox 343 1320 398 1410; x_wconf 80' lang='lat' dir='ltr'>qai</span> <span class='ocrx_word' id='word_1_77' title='bbox 417 1321 522 1384; x_wconf 80' lang='lat' dir='ltr'>minor</span> <span class='ocrx_word' id='word_1_78' title='bbox 541 1316 580 1410; x_wconf 88' lang='grc' dir='ltr'>ιβ</span> <span class='ocrx_word' id='word_1_79' title='bbox 603 1325 766 1388; x_wconf 82' lang='lat' dir='ltr'>intervos</span> <span class='ocrx_word' id='word_1_80' title='bbox 787 1339 909 1397; x_wconf 81' lang='lat' dir='ltr'>omnes,</span> <span class='ocrx_word' id='word_1_81' title='bbox 932 1315 986 1384; x_wconf 79' lang='lat' dir='ltr'>hic</span> <span class='ocrx_word' id='word_1_82' title='bbox 998 1319 1100 1412; x_wconf 82' lang='lat' dir='ltr'>naj0r</span> <span class='ocrx_word' id='word_1_83' title='bbox 1111 1315 1172 1411; x_wconf 87' lang='grc' dir='ltr'>ιβ,</span> 
     </span>
     <span class='ocr_line' id='line_1_12' title="bbox 133 1413 1173 1528; baseline -0.003 -40"><span class='ocrx_word' id='word_1_84' title='bbox 133 1414 450 1528; x_wconf 73' lang='lat' dir='ltr'>quemadmodum</span> <span class='ocrx_word' id='word_1_85' title='bbox 462 1413 591 1486; x_wconf 88' lang='lat' dir='ltr'>Paulus</span> <span class='ocrx_word' id='word_1_86' title='bbox 606 1415 711 1488; x_wconf 85' lang='lat' dir='ltr'>dixit:</span> <span class='ocrx_word' id='word_1_87' title='bbox 732 1416 828 1488; x_wconf 82' lang='lat' dir='ltr'>Mihi</span> <span class='ocrx_word' id='word_1_88' title='bbox 840 1420 977 1513; x_wconf 75' lang='lat' dir='ltr'>amariam</span> <span class='ocrx_word' id='word_1_89' title='bbox 987 1414 1173 1502; x_wconf 60' lang='lat' dir='ltr'>massoram</span> 
     </span>
     <span class='ocr_line' id='line_1_13' title="bbox 134 1510 1172 1609; baseline 0 -22"><span class='ocrx_word' id='word_1_90' title='bbox 134 1523 236 1588; x_wconf 82' lang='lat' dir='ltr'>nima</span> <span class='ocrx_word' id='word_1_91' title='bbox 250 1517 327 1584; x_wconf 82' lang='lat' dir='ltr'>data</span> <span class='ocrx_word' id='word_1_92' title='bbox 342 1515 380 1604; x_wconf 91' lang='grc' dir='ltr'>ιβ</span> <span class='ocrx_word' id='word_1_93' title='bbox 394 1521 501 1606; x_wconf 84' lang='lat' dir='ltr'>gratia</span> <span class='ocrx_word' id='word_1_94' title='bbox 513 1518 593 1602; x_wconf 84' lang='lat' dir='ltr'>lrac,</span> <span class='ocrx_word' id='word_1_95' title='bbox 620 1515 804 1588; x_wconf 89' lang='lat' dir='ltr'>videbitur</span> <span class='ocrx_word' id='word_1_96' title='bbox 814 1515 867 1588; x_wconf 88' lang='lat' dir='ltr'>his</span> <span class='ocrx_word' id='word_1_97' title='bbox 884 1514 1006 1586; x_wconf 88' lang='lat' dir='ltr'>verbis</span> <span class='ocrx_word' id='word_1_98' title='bbox 1021 1510 1172 1609; x_wconf 83' lang='lat' dir='ltr'>consen·</span> 
     </span>
     <span class='ocr_line' id='line_1_14' title="bbox 133 1613 1172 1712; baseline 0 -24"><span class='ocrx_word' id='word_1_99' title='bbox 133 1637 192 1690; x_wconf 73' lang='lat' dir='ltr'>&#39;ez</span> <span class='ocrx_word' id='word_1_100' title='bbox 225 1617 299 1705; x_wconf 77' lang='lat' dir='ltr'>Qui</span> <span class='ocrx_word' id='word_1_101' title='bbox 315 1613 591 1703; x_wconf 74' lang='lat' dir='ltr'>scandalizaverit</span> <span class='ocrx_word' id='word_1_102' title='bbox 615 1633 773 1710; x_wconf 74' lang='lat' dir='ltr'>anemae</span> <span class='ocrx_word' id='word_1_103' title='bbox 792 1614 909 1712; x_wconf 80' lang='lat' dir='ltr'>pufidr&#39;s</span> <span class='ocrx_word' id='word_1_104' title='bbox 930 1614 1023 1710; x_wconf 75' lang='lat' dir='ltr'>istis,</span> <span class='ocrx_word' id='word_1_105' title='bbox 1062 1630 1172 1705; x_wconf 82' lang='lat' dir='ltr'>atque</span> 
     </span>
     <span class='ocr_line' id='line_1_15' title="bbox 133 1713 1172 1812; baseline -0.001 -27"><span class='ocrx_word' id='word_1_106' title='bbox 133 1715 292 1812; x_wconf 64' lang='lat' dir='ltr'>emissis:</span> <span class='ocrx_word' id='word_1_107' title='bbox 318 1717 374 1784; x_wconf 75' lang='lat' dir='ltr'>Sr&#39;c</span> <span class='ocrx_word' id='word_1_108' title='bbox 390 1737 456 1784; x_wconf 88' lang='lat' dir='ltr'>nan</span> <span class='ocrx_word' id='word_1_109' title='bbox 465 1713 505 1810; x_wconf 87' lang='grc' dir='ltr'>ιβ</span> <span class='ocrx_word' id='word_1_110' title='bbox 517 1717 668 1788; x_wconf 78' lang='lat' dir='ltr'>velantur</span> <span class='ocrx_word' id='word_1_111' title='bbox 680 1733 759 1786; x_wconf 81' lang='lat' dir='ltr'>anre</span> <span class='ocrx_word' id='word_1_112' title='bbox 778 1718 903 1786; x_wconf 81' lang='lat' dir='ltr'>Patrem</span> <span class='ocrx_word' id='word_1_113' title='bbox 918 1738 1036 1805; x_wconf 83' lang='lat' dir='ltr'>meam,</span> <span class='ocrx_word' id='word_1_114' title='bbox 1061 1719 1172 1810; x_wconf 79' lang='lat' dir='ltr'>quiin</span> 
     </span>
     <span class='ocr_line' id='line_1_16' title="bbox 133 1812 1172 1914; baseline 0.004 -30"><span class='ocrx_word' id='word_1_115' title='bbox 133 1819 179 1914; x_wconf 66' lang='lat' dir='ltr'>sis</span> <span class='ocrx_word' id='word_1_116' title='bbox 201 1813 266 1912; x_wconf 70' lang='grc' dir='ltr'>ιβ,</span> <span class='ocrx_word' id='word_1_117' title='bbox 290 1815 822 1912; x_wconf 77' lang='lat' dir='ltr'>arperaatunusdepustsisisii13</span> <span class='ocrx_word' id='word_1_118' title='bbox 848 1836 950 1907; x_wconf 86' lang='lat' dir='ltr'>nam,</span> <span class='ocrx_word' id='word_1_119' title='bbox 976 1829 1047 1886; x_wconf 87' lang='lat' dir='ltr'>uta</span> <span class='ocrx_word' id='word_1_120' title='bbox 1063 1812 1172 1888; x_wconf 80' lang='lat' dir='ltr'>nobis</span> 
     </span>
     <span class='ocr_line' id='line_1_17' title="bbox 133 1911 1169 2008; baseline -0.002 -20"><span class='ocrx_word' id='word_1_121' title='bbox 133 1913 237 1988; x_wconf 71' lang='lat' dir='ltr'>&amp;um</span> <span class='ocrx_word' id='word_1_122' title='bbox 255 1911 327 2006; x_wconf 90' lang='lat' dir='ltr'>est,</span> <span class='ocrx_word' id='word_1_123' title='bbox 363 1916 539 2004; x_wconf 85' lang='lat' dir='ltr'>quinunc</span> <span class='ocrx_word' id='word_1_124' title='bbox 555 1917 727 2008; x_wconf 85' lang='lat' dir='ltr'>parvulus</span> <span class='ocrx_word' id='word_1_125' title='bbox 743 1911 812 1996; x_wconf 91' lang='lat' dir='ltr'>est,</span> <span class='ocrx_word' id='word_1_126' title='bbox 838 1936 906 1986; x_wconf 88' lang='lat' dir='ltr'>nec</span> <span class='ocrx_word' id='word_1_127' title='bbox 929 1912 1169 2008; x_wconf 78' lang='lat' dir='ltr'>offensionem¹</span> 
     </span>
     <span class='ocr_line' id='line_1_18' title="bbox 133 2007 1171 2118; baseline -0.007 -30"><span class='ocrx_word' id='word_1_128' title='bbox 133 2016 199 2110; x_wconf 83' lang='lat' dir='ltr'>ui,</span> <span class='ocrx_word' id='word_1_129' title='bbox 225 2033 299 2086; x_wconf 88' lang='lat' dir='ltr'>nec</span> <span class='ocrx_word' id='word_1_130' title='bbox 312 2015 429 2105; x_wconf 89' lang='lat' dir='ltr'>perire</span> <span class='ocrx_word' id='word_1_131' title='bbox 447 2029 579 2104; x_wconf 88' lang='lat' dir='ltr'>queat:</span> <span class='ocrx_word' id='word_1_132' title='bbox 609 2018 678 2086; x_wconf 80' lang='lat' dir='ltr'>Pax</span> <span class='ocrx_word' id='word_1_133' title='bbox 695 2014 864 2105; x_wconf 85' lang='lat' dir='ltr'>fiquidem</span> <span class='ocrx_word' id='word_1_134' title='bbox 882 2016 986 2086; x_wconf 77' lang='lat' dir='ltr'>masta</span> <span class='ocrx_word' id='word_1_135' title='bbox 1006 2007 1171 2118; x_wconf 50' lang='lat' dir='ltr'>diligente]-</span> 
     </span>
     <span class='ocr_line' id='line_1_19' title="bbox 133 2113 1171 2206; baseline 0.002 -22"><span class='ocrx_word' id='word_1_136' title='bbox 133 2139 289 2186; x_wconf 81' lang='lat' dir='ltr'>unomen</span> <span class='ocrx_word' id='word_1_137' title='bbox 301 2117 389 2206; x_wconf 75' lang='lat' dir='ltr'>Dei,</span> <span class='ocrx_word' id='word_1_138' title='bbox 413 2113 452 2190; x_wconf 68' lang='lat' dir='ltr'><strong><em>U</em></strong></span> <span class='ocrx_word' id='word_1_139' title='bbox 465 2139 531 2184; x_wconf 85' lang='lat' dir='ltr'>non</span> <span class='ocrx_word' id='word_1_140' title='bbox 543 2114 582 2206; x_wconf 91' lang='grc' dir='ltr'>ιβ</span> <span class='ocrx_word' id='word_1_141' title='bbox 595 2117 658 2200; x_wconf 73' lang='lat' dir='ltr'>isia</span> <span class='ocrx_word' id='word_1_142' title='bbox 667 2115 869 2202; x_wconf 79' lang='lat' dir='ltr'>scandalum:</span> <span class='ocrx_word' id='word_1_143' title='bbox 896 2135 966 2186; x_wconf 88' lang='lat' dir='ltr'>nec</span> <span class='ocrx_word' id='word_1_144' title='bbox 976 2126 1076 2187; x_wconf 87' lang='lat' dir='ltr'>certe</span> <span class='ocrx_word' id='word_1_145' title='bbox 1090 2133 1171 2205; x_wconf 58' lang='lat' dir='ltr'>perv</span> 
     </span>
     <span class='ocr_line' id='line_1_20' title="bbox 133 2211 1172 2308; baseline -0.003 -22"><span class='ocrx_word' id='word_1_146' title='bbox 133 2232 177 2308; x_wconf 84' lang='lat' dir='ltr'>rt,</span> <span class='ocrx_word' id='word_1_147' title='bbox 207 2213 377 2306; x_wconf 88' lang='lat' dir='ltr'>quiinter</span> <span class='ocrx_word' id='word_1_148' title='bbox 392 2234 518 2286; x_wconf 90' lang='lat' dir='ltr'>omnes</span> <span class='ocrx_word' id='word_1_149' title='bbox 532 2211 660 2288; x_wconf 87' lang='lat' dir='ltr'>Christi</span> <span class='ocrx_word' id='word_1_150' title='bbox 679 2211 869 2305; x_wconf 84' lang='lat' dir='ltr'>discipulos</span> <span class='ocrx_word' id='word_1_151' title='bbox 891 2215 1051 2294; x_wconf 88' lang='lat' dir='ltr'>omnium</span> <span class='ocrx_word' id='word_1_152' title='bbox 1068 2212 1172 2286; x_wconf 92' lang='lat' dir='ltr'>mini·</span> 
     </span>
    </p>
   </div>
   <div class='ocr_carea' id='block_1_3' title="bbox 133 2311 1315 2412">
    <p class='ocr_par' dir='ltr' id='par_1_3' title="bbox 133 2311 1315 2412">
     <span class='ocr_line' id='line_1_21' title="bbox 133 2311 1315 2412; baseline -0.004 -22"><span class='ocrx_word' id='word_1_153' title='bbox 133 2335 179 2390; x_wconf 82' lang='lat' dir='ltr'>ua</span> <span class='ocrx_word' id='word_1_154' title='bbox 195 2311 283 2412; x_wconf 73' lang='lat' dir='ltr'>est,</span> <span class='ocrx_word' id='word_1_155' title='bbox 309 2311 346 2384; x_wconf 79' lang='lat' dir='ltr'>u</span> <span class='ocrx_word' id='word_1_156' title='bbox 368 2327 563 2404; x_wconf 86' lang='lat' dir='ltr'>propterea</span> <span class='ocrx_word' id='word_1_157' title='bbox 583 2335 730 2412; x_wconf 83' lang='lat' dir='ltr'>magnus</span> <span class='ocrx_word' id='word_1_158' title='bbox 757 2312 896 2401; x_wconf 81' lang='lat' dir='ltr'>existit3</span> <span class='ocrx_word' id='word_1_159' title='bbox 930 2311 964 2385; x_wconf 74' lang='grc' dir='ltr'>δι</span> <span class='ocrx_word' id='word_1_160' title='bbox 988 2331 1071 2386; x_wconf 86' lang='lat' dir='ltr'>curn</span> <span class='ocrx_word' id='word_1_161' title='bbox 1093 2330 1173 2386; x_wconf 90' lang='lat' dir='ltr'>nou</span> <span class='ocrx_word' id='word_1_162' title='bbox 1311 2313 1315 2322; x_wconf 84' lang='lat'>&#39;</span> 
     </span>
    </p>
   </div>
   <div class='ocr_carea' id='block_1_4' title="bbox 133 2405 1177 4110">
    <p class='ocr_par' dir='ltr' id='par_1_4' title="bbox 133 2405 1174 3404">
     <span class='ocr_line' id='line_1_22' title="bbox 133 2405 1171 2506; baseline -0.008 -18"><span class='ocrx_word' id='word_1_163' title='bbox 133 2405 250 2504; x_wconf 55' lang='lat' dir='ltr'>creat,</span> <span class='ocrx_word' id='word_1_164' title='bbox 277 2411 314 2484; x_wconf 89' lang='lat' dir='ltr'>id</span> <span class='ocrx_word' id='word_1_165' title='bbox 324 2412 456 2486; x_wconf 86' lang='lat' dir='ltr'>merito</span> <span class='ocrx_word' id='word_1_166' title='bbox 474 2413 587 2488; x_wconf 85' lang='lat' dir='ltr'>dicat:</span> <span class='ocrx_word' id='word_1_167' title='bbox 614 2417 701 2506; x_wconf 74' lang='lat' dir='ltr'>Quis</span> <span class='ocrx_word' id='word_1_168' title='bbox 714 2439 771 2487; x_wconf 85' lang='lat' dir='ltr'>nos</span> <span class='ocrx_word' id='word_1_169' title='bbox 779 2413 938 2506; x_wconf 79' lang='lat' dir='ltr'><em>separabit</em></span> <span class='ocrx_word' id='word_1_170' title='bbox 948 2439 969 2482; x_wconf 87' lang='lat' dir='ltr'><em>a</em></span> <span class='ocrx_word' id='word_1_171' title='bbox 985 2414 1171 2492; x_wconf 74' lang='lat' dir='ltr'>charitate,</span> 
     </span>
     <span class='ocr_line' id='line_1_23' title="bbox 133 2511 1171 2605; baseline 0.001 -22"><span class='ocrx_word' id='word_1_172' title='bbox 133 2529 306 2588; x_wconf 85' lang='lat' dir='ltr'>rcaetera.</span> <span class='ocrx_word' id='word_1_173' title='bbox 367 2511 445 2584; x_wconf 83' lang='lat' dir='ltr'>Sed.</span> <span class='ocrx_word' id='word_1_174' title='bbox 465 2513 524 2604; x_wconf 85' lang='lat' dir='ltr'>qui</span> <span class='ocrx_word' id='word_1_175' title='bbox 547 2512 762 2604; x_wconf 88' lang='lat' dir='ltr'>postremam</span> <span class='ocrx_word' id='word_1_176' title='bbox 787 2513 879 2586; x_wconf 88' lang='lat' dir='ltr'>hanc</span> <span class='ocrx_word' id='word_1_177' title='bbox 906 2511 1171 2605; x_wconf 80' lang='lat' dir='ltr'>expositionem</span> 
     </span>
     <span class='ocr_line' id='line_1_24' title="bbox 133 2610 1173 2709; baseline 0 -23"><span class='ocrx_word' id='word_1_178' title='bbox 133 2615 193 2706; x_wconf 75' lang='lat' dir='ltr'>aeri</span> <span class='ocrx_word' id='word_1_179' title='bbox 210 2613 340 2709; x_wconf 84' lang='lat' dir='ltr'>volet,</span> <span class='ocrx_word' id='word_1_180' title='bbox 355 2612 504 2686; x_wconf 89' lang='lat' dir='ltr'>animam</span> <span class='ocrx_word' id='word_1_181' title='bbox 516 2611 597 2703; x_wconf 90' lang='lat' dir='ltr'>justi</span> <span class='ocrx_word' id='word_1_182' title='bbox 606 2614 798 2686; x_wconf 87' lang='lat' dir='ltr'>mutationi</span> <span class='ocrx_word' id='word_1_183' title='bbox 813 2633 959 2704; x_wconf 87' lang='lat' dir='ltr'>quoque</span> <span class='ocrx_word' id='word_1_184' title='bbox 972 2610 1173 2698; x_wconf 84' lang='lat' dir='ltr'>obnoxiam</span> 
     </span>
     <span class='ocr_line' id='line_1_25' title="bbox 133 2707 1173 2804; baseline -0.004 -18"><span class='ocrx_word' id='word_1_185' title='bbox 133 2711 172 2786; x_wconf 79' lang='lat' dir='ltr'>se</span> <span class='ocrx_word' id='word_1_186' title='bbox 186 2713 303 2804; x_wconf 77' lang='lat' dir='ltr'>dicet,</span> <span class='ocrx_word' id='word_1_187' title='bbox 317 2710 618 2804; x_wconf 76' lang='lat' dir='ltr'>quemadmodum</span> <span class='ocrx_word' id='word_1_188' title='bbox 634 2711 782 2786; x_wconf 89' lang='lat' dir='ltr'>testatur</span> <span class='ocrx_word' id='word_1_189' title='bbox 799 2709 976 2785; x_wconf 89' lang='lat' dir='ltr'>Ezechiel.</span> <span class='ocrx_word' id='word_1_190' title='bbox 985 2707 1108 2802; x_wconf 78' lang='lat' dir='ltr'>dicens</span> <span class='ocrx_word' id='word_1_191' title='bbox 1116 2711 1173 2800; x_wconf 89' lang='lat' dir='ltr'>ju·</span> 
     </span>
     <span class='ocr_line' id='line_1_26' title="bbox 133 2801 1172 2904; baseline -0.004 -20"><span class='ocrx_word' id='word_1_192' title='bbox 133 2831 191 2888; x_wconf 88' lang='lat' dir='ltr'>um</span> <span class='ocrx_word' id='word_1_193' title='bbox 208 2834 229 2886; x_wconf 89' lang='lat' dir='ltr'>a</span> <span class='ocrx_word' id='word_1_194' title='bbox 244 2809 317 2884; x_wconf 88' lang='lat' dir='ltr'>Dei</span> <span class='ocrx_word' id='word_1_195' title='bbox 327 2807 499 2888; x_wconf 84' lang='lat' dir='ltr'>mandatis</span> <span class='ocrx_word' id='word_1_196' title='bbox 516 2810 695 2884; x_wconf 84' lang='lat' dir='ltr'>discedere</span> <span class='ocrx_word' id='word_1_197' title='bbox 709 2810 831 2904; x_wconf 82' lang='lat' dir='ltr'>posse,</span> <span class='ocrx_word' id='word_1_198' title='bbox 851 2814 902 2883; x_wconf 88' lang='lat' dir='ltr'>ita</span> <span class='ocrx_word' id='word_1_199' title='bbox 922 2825 964 2883; x_wconf 87' lang='lat' dir='ltr'>ut</span> <span class='ocrx_word' id='word_1_200' title='bbox 980 2811 1081 2902; x_wconf 88' lang='lat' dir='ltr'>prior</span> <span class='ocrx_word' id='word_1_201' title='bbox 1096 2801 1172 2898; x_wconf 84' lang='lat' dir='ltr'>ejus</span> 
     </span>
     <span class='ocr_line' id='line_1_27' title="bbox 133 2910 1174 3003; baseline -0.01 -15"><span class='ocrx_word' id='word_1_202' title='bbox 133 2911 287 3000; x_wconf 70' lang='lat' dir='ltr'>siitiaei</span> <span class='ocrx_word' id='word_1_203' title='bbox 304 2911 448 2984; x_wconf 90' lang='lat' dir='ltr'>minime</span> <span class='ocrx_word' id='word_1_204' title='bbox 463 2911 685 3002; x_wconf 86' lang='lat' dir='ltr'>imputetur:</span> <span class='ocrx_word' id='word_1_205' title='bbox 712 2926 907 3003; x_wconf 83' lang='lat' dir='ltr'>propterea</span> <span class='ocrx_word' id='word_1_206' title='bbox 927 2912 1075 2982; x_wconf 88' lang='lat' dir='ltr'>dicitur:</span> <span class='ocrx_word' id='word_1_207' title='bbox 1100 2910 1174 3000; x_wconf 74' lang='lat' dir='ltr'>Qar&#39;</span> 
     </span>
     <span class='ocr_line' id='line_1_28' title="bbox 133 3008 1173 3108; baseline -0.007 -22"><span class='ocrx_word' id='word_1_208' title='bbox 133 3014 373 3086; x_wconf 76' lang='lat' dir='ltr'>mdasizaverit</span> <span class='ocrx_word' id='word_1_209' title='bbox 386 3035 488 3080; x_wconf 82' lang='lat' dir='ltr'>anam</span> <span class='ocrx_word' id='word_1_210' title='bbox 498 3014 532 3080; x_wconf 81' lang='lat' dir='ltr'>de</span> <span class='ocrx_word' id='word_1_211' title='bbox 542 3012 658 3108; x_wconf 73' lang='lat' dir='ltr'>pastilis</span> <span class='ocrx_word' id='word_1_212' title='bbox 672 3009 759 3106; x_wconf 64' lang='lat' dir='ltr'>istis,</span> <span class='ocrx_word' id='word_1_213' title='bbox 787 3015 839 3082; x_wconf 77' lang='lat'>&amp;2</span> <span class='ocrx_word' id='word_1_214' title='bbox 866 3013 945 3094; x_wconf 86' lang='lat' dir='ltr'>Non</span> <span class='ocrx_word' id='word_1_215' title='bbox 961 3009 1000 3105; x_wconf 92' lang='grc' dir='ltr'>ιβ</span> <span class='ocrx_word' id='word_1_216' title='bbox 1018 3008 1173 3080; x_wconf 82' lang='lat' dir='ltr'>vasantas</span> 
     </span>
     <span class='ocr_line' id='line_1_29' title="bbox 133 3109 1174 3208; baseline -0.007 -24"><span class='ocrx_word' id='word_1_217' title='bbox 133 3129 174 3186; x_wconf 83' lang='lat' dir='ltr'>ue</span> <span class='ocrx_word' id='word_1_218' title='bbox 195 3115 327 3186; x_wconf 76' lang='lat' dir='ltr'>Patrem</span> <span class='ocrx_word' id='word_1_219' title='bbox 341 3133 464 3194; x_wconf 81' lang='lat' dir='ltr'>meum,</span> <span class='ocrx_word' id='word_1_220' title='bbox 488 3115 545 3208; x_wconf 78' lang='lat' dir='ltr'>qui</span> <span class='ocrx_word' id='word_1_221' title='bbox 562 3116 599 3180; x_wconf 87' lang='lat' dir='ltr'>in</span> <span class='ocrx_word' id='word_1_222' title='bbox 615 3115 697 3180; x_wconf 80' lang='lat' dir='ltr'>caesis</span> <span class='ocrx_word' id='word_1_223' title='bbox 710 3111 767 3207; x_wconf 67' lang='lat' dir='ltr'>qs,</span> <span class='ocrx_word' id='word_1_224' title='bbox 792 3127 830 3180; x_wconf 81' lang='lat' dir='ltr'>ut</span> <span class='ocrx_word' id='word_1_225' title='bbox 845 3125 954 3206; x_wconf 78' lang='lat' dir='ltr'>pereat</span> <span class='ocrx_word' id='word_1_226' title='bbox 966 3134 1050 3180; x_wconf 83' lang='lat' dir='ltr'>anus</span> <span class='ocrx_word' id='word_1_227' title='bbox 1066 3109 1104 3178; x_wconf 86' lang='lat' dir='ltr'>de</span> <span class='ocrx_word' id='word_1_228' title='bbox 1111 3129 1174 3205; x_wconf 82' lang='lat' dir='ltr'>pu·</span> 
     </span>
     <span class='ocr_line' id='line_1_30' title="bbox 133 3209 1174 3310; baseline 0 -28"><span class='ocrx_word' id='word_1_229' title='bbox 133 3209 172 3284; x_wconf 80' lang='lat' dir='ltr'>iis</span> <span class='ocrx_word' id='word_1_230' title='bbox 188 3213 271 3310; x_wconf 74' lang='grc' dir='ltr'><strong><em>ὶβὶι.</em></strong></span> <span class='ocrx_word' id='word_1_231' title='bbox 324 3211 415 3310; x_wconf 85' lang='lat' dir='ltr'>Quae</span> <span class='ocrx_word' id='word_1_232' title='bbox 430 3223 549 3284; x_wconf 89' lang='lat' dir='ltr'>autem</span> <span class='ocrx_word' id='word_1_233' title='bbox 566 3210 610 3283; x_wconf 89' lang='lat' dir='ltr'>ad</span> <span class='ocrx_word' id='word_1_234' title='bbox 631 3225 778 3284; x_wconf 91' lang='lat' dir='ltr'>centum</span> <span class='ocrx_word' id='word_1_235' title='bbox 794 3232 886 3282; x_wconf 87' lang='lat' dir='ltr'>oves</span> <span class='ocrx_word' id='word_1_236' title='bbox 900 3210 1104 3303; x_wconf 86' lang='lat' dir='ltr'>pertinent,</span> <span class='ocrx_word' id='word_1_237' title='bbox 1130 3229 1174 3282; x_wconf 86' lang='lat' dir='ltr'>ea</span> 
     </span>
     <span class='ocr_line' id='line_1_31' title="bbox 133 3308 1083 3404; baseline -0.003 -18"><span class='ocrx_word' id='word_1_238' title='bbox 133 3315 211 3388; x_wconf 80' lang='lat' dir='ltr'>abes</span> <span class='ocrx_word' id='word_1_239' title='bbox 226 3315 268 3384; x_wconf 94' lang='lat' dir='ltr'>in</span> <span class='ocrx_word' id='word_1_240' title='bbox 281 3310 461 3403; x_wconf 84' lang='lat' dir='ltr'>homiliis,</span> <span class='ocrx_word' id='word_1_241' title='bbox 489 3313 627 3402; x_wconf 83' lang='lat' dir='ltr'>quasin</span> <span class='ocrx_word' id='word_1_242' title='bbox 646 3311 782 3384; x_wconf 88' lang='lat' dir='ltr'>Lucam</span> <span class='ocrx_word' id='word_1_243' title='bbox 802 3308 1083 3404; x_wconf 79' lang='lat' dir='ltr'>conscripsimus.</span> 
     </span>
    </p>

    <p class='ocr_par' dir='ltr' id='par_1_5' title="bbox 133 3405 1177 4004">
     <span class='ocr_line' id='line_1_32' title="bbox 179 3405 1174 3508; baseline -0.009 -24"><span class='ocrx_word' id='word_1_244' title='bbox 179 3435 239 3508; x_wconf 81' lang='lat'>30.</span> <span class='ocrx_word' id='word_1_245' title='bbox 266 3414 309 3482; x_wconf 86' lang='lat' dir='ltr'>Si</span> <span class='ocrx_word' id='word_1_246' title='bbox 322 3416 498 3506; x_wconf 83' lang='lat' dir='ltr'>peccaverit</span> <span class='ocrx_word' id='word_1_247' title='bbox 513 3411 627 3504; x_wconf 82' lang='lat' dir='ltr'>frater</span> <span class='ocrx_word' id='word_1_248' title='bbox 644 3428 750 3501; x_wconf 79' lang='lat' dir='ltr'>raas,</span> <span class='ocrx_word' id='word_1_249' title='bbox 776 3413 856 3480; x_wconf 81' lang='lat' dir='ltr'>vade</span> <span class='ocrx_word' id='word_1_250' title='bbox 875 3412 914 3486; x_wconf 65' lang='lat' dir='ltr'><strong><em>U</em></strong></span> <span class='ocrx_word' id='word_1_251' title='bbox 934 3416 1052 3504; x_wconf 81' lang='lat' dir='ltr'>corripe</span> <span class='ocrx_word' id='word_1_252' title='bbox 1072 3405 1174 3504; x_wconf 83' lang='lat' dir='ltr'>ipsam</span> 
     </span>
     <span class='ocr_line' id='line_1_33' title="bbox 133 3506 1175 3611; baseline -0.008 -27"><span class='ocrx_word' id='word_1_253' title='bbox 133 3529 193 3586; x_wconf 80' lang='lat' dir='ltr'>nar</span> <span class='ocrx_word' id='word_1_254' title='bbox 205 3531 238 3584; x_wconf 83' lang='lat' dir='ltr'>te</span> <span class='ocrx_word' id='word_1_255' title='bbox 252 3513 293 3588; x_wconf 62' lang='grc' dir='ltr'><em>ὅ</em></span> <span class='ocrx_word' id='word_1_256' title='bbox 303 3511 401 3607; x_wconf 79' lang='lat' dir='ltr'>ipsam</span> <span class='ocrx_word' id='word_1_257' title='bbox 410 3511 522 3598; x_wconf 80' lang='lat' dir='ltr'>salam.</span> <span class='ocrx_word' id='word_1_258' title='bbox 548 3512 622 3611; x_wconf 91' lang='lat' dir='ltr'>Qui</span> <span class='ocrx_word' id='word_1_259' title='bbox 635 3513 793 3582; x_wconf 86' lang='lat' dir='ltr'>orationi</span> <span class='ocrx_word' id='word_1_260' title='bbox 802 3511 885 3583; x_wconf 89' lang='lat' dir='ltr'>huic</span> <span class='ocrx_word' id='word_1_261' title='bbox 900 3511 1053 3584; x_wconf 88' lang='lat' dir='ltr'>animum</span> <span class='ocrx_word' id='word_1_262' title='bbox 1064 3506 1175 3600; x_wconf 83' lang='lat' dir='ltr'>appli-¹</span> 
     </span>
     <span class='ocr_line' id='line_1_34' title="bbox 133 3607 1176 3705; baseline -0.009 -19"><span class='ocrx_word' id='word_1_263' title='bbox 133 3615 242 3703; x_wconf 83' lang='lat' dir='ltr'>uerit,</span> <span class='ocrx_word' id='word_1_264' title='bbox 270 3626 311 3683; x_wconf 87' lang='lat' dir='ltr'>ut</span> <span class='ocrx_word' id='word_1_265' title='bbox 329 3607 533 3684; x_wconf 85' lang='lat' dir='ltr'>immensam</span> <span class='ocrx_word' id='word_1_266' title='bbox 552 3607 635 3705; x_wconf 89' lang='lat' dir='ltr'>Jesu</span> <span class='ocrx_word' id='word_1_267' title='bbox 656 3631 739 3705; x_wconf 86' lang='lat' dir='ltr'>erga</span> <span class='ocrx_word' id='word_1_268' title='bbox 764 3609 930 3683; x_wconf 89' lang='lat' dir='ltr'>homines</span> <span class='ocrx_word' id='word_1_269' title='bbox 950 3607 1176 3682; x_wconf 81' lang='lat' dir='ltr'>benevolen-</span> 
     </span>
     <span class='ocr_line' id='line_1_35' title="bbox 133 3705 1176 3806; baseline -0.012 -18"><span class='ocrx_word' id='word_1_270' title='bbox 133 3707 401 3806; x_wconf 67' lang='lat' dir='ltr'>insigniere,</span> <span class='ocrx_word' id='word_1_271' title='bbox 426 3709 726 3802; x_wconf 85' lang='lat' dir='ltr'>supervacaneam</span> <span class='ocrx_word' id='word_1_272' title='bbox 742 3730 867 3782; x_wconf 89' lang='lat' dir='ltr'>eorum</span> <span class='ocrx_word' id='word_1_273' title='bbox 882 3729 1028 3800; x_wconf 84' lang='lat' dir='ltr'>operam</span> <span class='ocrx_word' id='word_1_274' title='bbox 1040 3705 1109 3780; x_wconf 84' lang='lat' dir='ltr'>eise</span> <span class='ocrx_word' id='word_1_275' title='bbox 1125 3705 1176 3776; x_wconf 92' lang='lat' dir='ltr'>di·</span> 
     </span>
     <span class='ocr_line' id='line_1_36' title="bbox 133 3805 1177 3906; baseline -0.012 -18"><span class='ocrx_word' id='word_1_276' title='bbox 133 3823 186 3906; x_wconf 60' lang='lat' dir='ltr'>et,</span> <span class='ocrx_word' id='word_1_277' title='bbox 213 3815 248 3885; x_wconf 76' lang='grc' dir='ltr'>δι</span> <span class='ocrx_word' id='word_1_278' title='bbox 264 3810 421 3884; x_wconf 87' lang='lat' dir='ltr'>bonitati</span> <span class='ocrx_word' id='word_1_279' title='bbox 435 3808 514 3902; x_wconf 84' lang='lat' dir='ltr'>Jesu</span> <span class='ocrx_word' id='word_1_280' title='bbox 528 3812 766 3900; x_wconf 84' lang='lat' dir='ltr'>contrariam,</span> <span class='ocrx_word' id='word_1_281' title='bbox 796 3812 855 3902; x_wconf 89' lang='lat' dir='ltr'>qui</span> <span class='ocrx_word' id='word_1_282' title='bbox 871 3810 923 3881; x_wconf 88' lang='lat' dir='ltr'>his</span> <span class='ocrx_word' id='word_1_283' title='bbox 935 3809 1058 3881; x_wconf 91' lang='lat' dir='ltr'>locum</span> <span class='ocrx_word' id='word_1_284' title='bbox 1073 3809 1108 3878; x_wconf 91' lang='lat' dir='ltr'>in</span> <span class='ocrx_word' id='word_1_285' title='bbox 1125 3805 1177 3876; x_wconf 86' lang='lat' dir='ltr'>le·</span> 
     </span>
     <span class='ocr_line' id='line_1_37' title="bbox 133 3908 1177 4004; baseline -0.015 -15"><span class='ocrx_word' id='word_1_286' title='bbox 133 3908 401 4004; x_wconf 69' lang='lat' dir='ltr'>sinibuesolum</span> <span class='ocrx_word' id='word_1_287' title='bbox 418 3913 576 4003; x_wconf 77' lang='lat' dir='ltr'>peccaris</span> <span class='ocrx_word' id='word_1_288' title='bbox 596 3911 706 3984; x_wconf 89' lang='lat' dir='ltr'>tribui</span> <span class='ocrx_word' id='word_1_289' title='bbox 719 3911 876 4002; x_wconf 89' lang='lat' dir='ltr'>volunt,</span> <span class='ocrx_word' id='word_1_290' title='bbox 904 3927 985 3983; x_wconf 88' lang='lat' dir='ltr'>cum</span> <span class='ocrx_word' id='word_1_291' title='bbox 1005 3920 1177 4000; x_wconf 80' lang='lat' dir='ltr'>peccaro·</span> 
     </span>
    </p>

    <p class='ocr_par' dir='ltr' id='par_1_6' title="bbox 161 3997 1142 4110">
     <span class='ocr_line' id='line_1_38' title="bbox 161 3997 1142 4110; baseline -0.007 -24"><span class='ocrx_word' id='word_1_292' title='bbox 161 4016 307 4110; x_wconf 75' lang='lat' dir='ltr'>origenis</span> <span class='ocrx_word' id='word_1_293' title='bbox 330 3997 420 4084; x_wconf 75' lang='lat' dir='ltr'>Tarm</span> <span class='ocrx_word' id='word_1_294' title='bbox 441 4012 510 4085; x_wconf 82' lang='lat' dir='ltr'>Xs.</span> <span class='ocrx_word' id='word_1_295' title='bbox 737 4005 767 4081; x_wconf 76' lang='lat' dir='ltr'>F</span> <span class='ocrx_word' id='word_1_296' title='bbox 1051 4025 1142 4079; x_wconf 73' lang='lat' dir='ltr'>xum</span> 
     </span>
    </p>
   </div>
   <div class='ocr_carea' id='block_1_5' title="bbox 0 0 1404 4567">
    <p class='ocr_par' dir='ltr' id='par_1_7' title="bbox 0 0 1404 4567">
     <span class='ocr_line' id='line_1_39' title="bbox 0 0 1404 4567; baseline 0 0"><span class='ocrx_word' id='word_1_297' title='bbox 0 0 1404 4567; x_wconf 95' lang='lat' dir='ltr'> </span> 
     </span>
    </p>
   </div>
  </div>
 </body>
</html>
