2800 4567
315 305 381 385 IN
405 305 783 387 MATTHAEUM
817 307 940 390 Tota.
964 307 1103 395 XVII.
1161 330 1234 406 423
1291 381 1295 390 .

164 472 292 564 tione,
319 470 563 546 &altitudine
585 472 750 565 vineam,
775 470 915 567 sepem,
943 470 977 547 dt
999 473 1159 547 torcular
1179 470 1233 548 su·

161 584 374 667 parantem,
399 571 597 646 sermonem
613 571 684 645 elle
699 574 854 665 opinor,
881 574 942 667 qui
967 572 1013 646 de
1039 573 1124 646 Deo
1144 571 1231 670 agit.

161 671 297 763 quique
311 670 422 744 divini
439 668 552 744 sensus
566 671 604 744 in
619 671 695 763 ipso
712 674 892 746 reconditi
906 674 1076 768 templum
1092 670 1161 744 est:
1188 692 1231 746 ae

161 770 211 842 de
237 769 411 863 ejusmodi
437 774 526 845 turri
551 772 587 844 id
612 793 633 844 a
657 772 856 845 servatore
880 769 1011 847 ditium
1042 769 1227 844 existimoa

162 873 253 963 Quis
271 896 310 941 ex
324 870 410 940 vobis
432 874 542 942 ualens
556 877 683 943 tanim
701 873 936 961 aedificatunem
947 876 1040 968 prius
1056 886 1228 967 computat,

160 992 210 1043 an
224 969 473 1060 fundamentum
487 992 598 1067 ponera
609 968 724 1067 paffet,
736 974 784 1048 U
800 994 875 1069 opas
893 971 1068 1059 absalme,
1093 995 1134 1040 m
1158 974 1229 1040 illu·

161 1070 235 1141 aare
254 1078 283 1140 ei
300 1075 472 1167 incipiant,
483 1077 541 1166 qai
556 1073 802 1167 uiderint,quad
818 1089 948 1170 ceptam
961 1097 1026 1142 aun
1036 1063 1230 1167 perfecerit?

158 1169 232 1244 hac
249 1171 341 1243 enim
356 1172 525 1263 parabola
539 1173 626 1244 illud
640 1169 824 1268 dignificari
842 1188 947 1265 puto,
963 1171 986 1246 st
1004 1171 1049 1244 de
1063 1169 1148 1243 Deo
1164 1167 1229 1246 dis·

159 1266 300 1360 serere,
327 1270 367 1352 dt,
378 1270 422 1343 ad
437 1271 632 1367 theologia
648 1267 761 1344 studit
775 1272 930 1347 animum
946 1272 1125 1365 appellere
1141 1267 1230 1342 sata·

161 1370 241 1465 gis,
264 1368 459 1443 videndum
480 1370 545 1443 tibi
566 1368 654 1462 else,
681 1391 748 1463 an,
773 1369 960 1464 postquam
974 1371 1114 1444 initium
1130 1368 1228 1444 fece·

161 1468 236 1558 ris,
261 1488 493 1560 quacumque
508 1471 551 1543 ad
570 1469 790 1566 theologiam
804 1471 955 1563 requirit
970 1470 1142 1560 verbum,
1168 1489 1234 1544 ex·-

159 1570 265 1662 plere
282 1565 506 1661 &perlicere
523 1573 681 1665 poteria,
707 1591 766 1658 ne,
780 1569 965 1663 postquam
980 1570 1122 1664 pietatis
1140 1569 1229 1664 dog·

158 1680 259 1743 mata
279 1666 427 1742 tradate
450 1670 670 1760 oceoeperis,
695 1668 937 1762 imperfettam
958 1670 1137 1759 relinquat
1155 1681 1229 1740 tur·

159 1767 253 1858 rim,
279 1788 356 1859 qua
379 1767 459 1842 Dei·
476 1765 578 1842 causa
600 1767 719 1842 eradia
738 1769 805 1856 est,
832 1770 937 1863 eique
953 1789 1127 1843 coronam
1149 1785 1227 1851 aon

158 1863 399 1959 superstruas,
425 1887 508 1941 nam
526 1867 588 1941 nisr
610 1886 786 1942 coronam
801 1866 1094 1962 superstruxerit,
1121 1867 1228 1941 cadet

161 1967 290 2058 aliquis
304 1988 349 2040 ex
364 1967 406 2039 iia
421 1967 726 2061 cogitationibus,
751 1969 896 2059 quasue
912 1966 996 2042 Deo
1011 1966 1180 2058 finxerat,
1193 1964 1229 2040 dt

158 2066 336 2141 interibit.
388 2065 492 2139 Hanc
508 2082 647 2158 autem,
672 2069 785 2141 itaut
807 2090 828 2143 a
850 2068 958 2148 notu
979 2065 1139 2161 eapofita
1161 2062 1227 2158 est,

159 2167 306 2242 vineam
320 2165 484 2252 colonia,
509 2167 651 2258 populo
668 2166 861 2258 videlicet,
888 2170 1046 2260 quiante
1062 2164 1230 2258 nonfuit,

160 2264 312 2339 tradidit
329 2263 489 2358 Deus,&
500 2265 538 2340 in
553 2263 730 2358 speculam
746 2264 840 2342 suam
855 2265 986 2348 deinde
1001 2266 1109 2355 abiit,
1134 2259 1230 2363 post·

161 2385 271 2456 quam
285 2385 331 2437 ex
347 2365 421 2454 his,
448 2383 527 2457 quae
542 2363 616 2456 ipse
631 2366 831 2461 plantavit,
858 2367 894 2442 dt
908 2363 1175 2460 circumposuit,
1193 2362 1230 2436 da

159 2462 319 2558 fodin&
334 2462 540 2557 aedificavit,
551 2465 742 2540 facultates
762 2468 903 2542 colonia
919 2486 961 2540 ac
979 2466 1102 2560 copiae
1116 2462 1229 2556 dedit,

162 2564 263 2638 unde
279 2562 412 2638 studius
439 2563 507 2636 suis
529 2567 753 2657 temporibus
769 2566 900 2642 afferre
913 2565 1068 2660 pollent.
1107 2564 1232 2660 Singu-

162 2665 210 2739 lis
236 2685 345 2761 ergo,
376 2660 434 2737 sed
465 2663 660 2748 universo,
691 2668 850 2761 opinor,
882 2668 1023 2760 populo
1052 2661 1232 2746 fruetuum

161 2764 598 2858 temporaadventarunt3
624 2779 792 2847 accurate
806 2780 926 2838 autem
937 2784 1137 2862 exponere,
1146 2760 1232 2854 quid

149 2861 227 2957 iit,
252 2861 431 2938 frudiuum
453 2878 619 2958 tempora
641 2863 858 2953 adventare,
883 2865 1056 2956 maiorem
1078 2863 1231 2937 faculta-

167 2977 261 3054 tem,
287 2964 322 3038 dt
341 2983 406 3036 cor
423 2962 549 3038 nostro
569 2963 735 3040 mundius
755 2984 798 3038 ac
813 2961 1048 3058 perspicacius
1064 2960 1229 3052 requirit:

166 3063 400 3139 nibilominus
421 3078 541 3138 tamen
559 3063 633 3137 loci
648 3065 754 3161 hujus
769 3065 1048 3162 explicationem
1062 3079 1130 3154 pro
1147 3060 1232 3135 viri·

165 3165 256 3247 bus,
282 3161 453 3259 afingulia
470 3157 675 3238 bominibua
691 3165 797 3239 initio
813 3163 930 3256 fauo,
948 3162 1207 3262 aggrediemur.
1259 3257 1261 3262 2

244 3271 276 3342 8·
301 3264 464 3338 Verbum
477 3265 600 3355 itaque
613 3266 651 3339 in
668 3284 883 3358 unaquaque
898 3266 1015 3340 anima
1028 3260 1154 3353 satum,
1173 3258 1233 3333 vi·¹

164 3377 241 3439 tem
258 3360 328 3437 elle
342 3385 362 3436 a
376 3363 627 3456 patrefamilias
641 3365 920 3460 plantatam‚vel
935 3382 1054 3438 terum
1069 3361 1231 3444 ommuni

166 3464 334 3556 copiam,
359 3483 440 3555 qua
459 3464 503 3537 ad
525 3462 673 3540 salutem
689 3464 908 3549 conterunt,
929 3463 1076 3539 vineant
1094 3457 1165 3536 etl'e
1178 3460 1233 3536 in-

166 3561 470 3657 telligendumest.
505 3563 818 3661 Quemadmodum
836 3583 925 3659 erpo
937 3562 1232 3658 titibuttempua

166 3664 220 3754 ast
246 3663 412 3755 aliquod,
444 3682 518 3754 quo
544 3666 694 3738 mittunt
718 3661 828 3751 iolia;
862 3661 979 3756 aliud,
1004 3680 1079 3757 quo
1105 3663 1233 3757 exigua

168 3763 329 3856 quedam
360 3758 537 3848 fruduum
569 3763 773 3839 rudimenta
811 3761 1005 3840 ostendere
1033 3758 1232 3855 incipiunta

168 3862 267 3935 aliud
290 3865 399 3956 item,
426 3883 501 3954 quo
523 3865 650 3937 oborti
673 3862 725 3937 illi
747 3860 882 3940 [tudina
906 3864 945 3939 iu
967 3861 1091 3936 acinon
1115 3856 1234 3939 distin·

167 3975 350 4063 guantum
376 3963 470 4040 aliud
487 3983 604 4059 veto,
629 3961 947 4140 qssodnigrescuuta
972 3980 1017 4038 ae
1037 3958 1131 4130 aliud
1157 3970 1235 4034 tan·

605 4089 610 4100 ‘
743 4085 770 4156 4
1091 4108 1093 4111 -
1120 4077 1204 4135 ma
