2800 4567
283 293 349 374 lN
374 294 747 410 M'ATTHAEUM
772 297 892 376 Tou.
918 295 1035 377 Xlll.
1145 302 1194 392 σς.

141 460 294 554 amiam,
320 461 449 553 quaein
465 461 508 534 iis
523 458 596 553 est,
623 461 684 536 vel
704 459 957 554 pollessronea,
985 461 1045 534 vel
1065 464 1195 553 quasli·

141 577 189 634 ret
202 560 417 649 facultates,
442 560 493 633 ita
507 573 547 632 ut
562 561 643 634 idin
657 583 738 636 eum
752 583 828 635 non
844 564 1012 653 quadret:
1043 567 1194 633 Demun·

141 663 242 732 lemn
259 660 368 749 sunt,
394 656 454 742 sad
468 659 581 733 illud:
622 664 713 733 Vna
725 662 906 751 scandalis,
932 662 1030 753 quod
1053 662 1191 736 mundo

141 762 330 857 untingit,
346 760 397 833 illl
410 760 542 851 pariter
555 762 763 860 continget,
780 777 911 853 utpote
926 763 985 852 qui
1001 763 1046 834 de
1056 762 1193 836 mundo

141 879 278 954 tuoque
301 859 353 935 fit.
405 857 458 930 At
476 859 537 951 qui
558 880 613 931 vae
637 861 723 934 illud
748 864 928 934 declinare
950 865 1080 957 volet,
1107 863 1194 935 vitae

141 980 247 1034 tmans
263 980 341 1033 non
356 957 415 1050 stt,
441 956 617 1047 sedtum
633 959 778 1036 Paulum
798 963 917 1035 dicat:
945 963 1039 1032 Mihi
1054 963 1194 1032 mundar

141 1060 370 1152 rucffixusall,
396 1067 430 1134 0
450 1067 650 1155 egelmundo,
675 1058 780 1134 sansti
795 1064 888 1134 enim
911 1061 1065 1151 quisunt
1085 1069 1122 1131 in
1137 1062 1193 1136 hoc
1240 1095 1245 1104 ·

141 1160 351 1245 «termento,
377 1157 578 1250 ingemiscunt
589 1168 724 1254 gravati
743 1180 901 1253 corpore
916 1162 1145 1253 humilitatis,
1159 1162 1195 1234 δι
1306 1185 1308 1190 ’

141 1263 230 1334 rmnl
245 1280 321 1352 ope
345 1258 592 1350 contendunt,
619 1275 659 1331 ut
676 1261 772 1357 digni
794 1261 976 1350 evadant,
1003 1263 1063 1353 qul
1085 1263 1121 1333 in
1140 1282 1195 1335 re·

141 1358 357 1433 arretlionis
367 1359 537 1449 mysterio
551 1361 803 1452 reperiantur,¹
822 1359 966 1450 quando
980 1360 1079 1433 Deus
1094 1360 1196 1453 refor-

141 1461 228 1532 ralu‘t
241 1479 350 1554 corpus
363 1459 582 1539 humilitatis,
600 1480 676 1532 non
693 1462 854 1533 omniurn
871 1458 1035 1552 quidem,
1061 1458 1119 1532 sed
1131 1481 1195 1534 eo·

141 1581 230 1652 um,
245 1560 307 1650 qui
319 1553 446 1644 Christi
458 1555 673 1651 disciplinam
686 1557 825 1637 fincero
841 1557 988 1650 pettore
998 1557 1194 1653 capellunt,

141 1675 162 1734 t
185 1657 263 1738 fiat,
277 1658 500 1750 configuratum
512 1663 630 1755 corpori
642 1661 802 1729 claritatis
820 1655 961 1733 Christi.
1014 1659 1195 1758 Quemad-

141 1759 280 1834 rodum
297 1758 391 1830 enirn
402 1758 539 1832 nullum
552 1779 597 1831 ex
608 1760 776 1832 omnibus
794 1780 848 1831 vae
866 1761 1030 1850 cuiquam
1046 1756 1195 1851 discipu-

141 1879 248 1943 >turn
270 1852 398 1942 Christi
412 1858 611 1952 contingit,
636 1861 685 1930 ita
702 1878 819 1949 neque
834 1858 942 1949 illud,
967 1882 1016 1928 aa
1040 1861 1198 1933 mundae

141 1956 315 2041 :andolin
341 1976 421 2028 narn
439 1957 602 2047 quamvis
625 1954 763 2030 infinita
785 1959 995 2030 exoriantur
1016 1954 1197 2052 scandala,

141 2061 277 2147 deos,
297 2055 355 2145 qui
373 2054 417 2128 de
430 2056 567 2128 mundo
582 2057 731 2149 amplius
750 2077 826 2128 non
840 2055 938 2149 sunt,
961 2058 1098 2132 nullum
1114 2078 1196 2150 per·

141 2158 274 2233 lneblt.
311 2151 462 2254 Quodsi
481 2155 558 2245 quis
573 2167 726 2250 propter
741 2151 823 2229 fidei
842 2156 1135 2248 mutabilitatem,
1162 2157 1199 2231 ἃ

141 2253 377 2334 unsensronis
391 2273 473 2326 curn
490 2257 608 2328 verbo
624 2253 691 2328 Dei
706 2253 977 2328 inconstantiam
995 2254 1199 2330 scandalum

141 2359 201 2432 rati
218 2351 355 2450 potest,
367 2352 452 2426 sciat
467 2354 541 2450 ille,
559 2353 594 2428 se
607 2375 676 2447 pro
687 2354 859 2448 discipulo
869 2352 950 2448 Jesu
964 2376 1040 2427 non
1053 2355 1197 2442 lraberi;

141 2471 186 2532 ut
203 2469 329 2529 autem
346 2459 522 2527 event'ura
537 2453 698 2529 scandala
711 2456 929 2529 credendum
941 2452 1011 2547 est,
1024 2467 1067 2526 ut
1081 2476 1137 2526 vae
1155 2454 1200 2528 ad

141 2556 305 2650 ruasdatn
331 2565 435 2626 terrae
459 2568 579 2647 partes
600 2575 677 2629 non
699 2555 900 2648 pertineat,
926 2551 986 2628 sed
1011 2554 1055 2626 ad
1078 2566 1201 2628 totum

141 2655 330 2744 nundum,
357 2653 415 2744 qui
435 2653 529 2728 inea
547 2653 608 2728 est
933 2731 937 2738 ,

209 2776 271 2829 22.
300 2748 468 2844 Elneceffi
481 2754 522 2850 ιβ
536 2770 573 2825 ut
589 2757 745 2827 eveniant
756 2752 930 2844 standale,
955 2772 1035 2845 quae
1049 2751 1115 2826 alia
1130 2749 1201 2827 elle

141 2853 299 2932 lltistimo
314 2853 356 2924 ab
368 2852 409 2923 iia
424 2853 652 2947 hominibus,
674 2872 739 2946 pet
749 2873 842 2944 quos
857 2855 1082 2947 contingunt.
1109 2854 1203 2946 Quae

141 2976 223 3054 argo
238 2953 454 3027 exoriuntur
473 2950 657 3047 scandala,
683 2954 864 3026 exercitus
883 2952 1025 3043 quidam
1046 2950 1098 3023 est
1116 2950 1201 3022 Dia·

141 3055 231 3132 auli:
258 3051 376 3146 angeli
390 3071 522 3145 nempe
541 3053 653 3138 illius,
675 3052 838 3124 &malus
860 3051 1124 3125 immundorum
1135 3048 1202 3143 spi·
1242 3093 1245 3100 =

141 3157 272 3230 lterum
283 3152 436 3241 chorus,
455 3153 515 3242 qui
526 3152 609 3228 dum
620 3151 851 3226 instrumenta
865 3150 1094 3243 perquirunt,
1111 3170 1201 3241 quo·

141 3249 377 3328 rumsubfidio
391 3254 689 3344 operariqueant,
708 3252 874 3325 homines
887 3248 1129 3342 saepenumero
1148 3269 1203 3322 re·

141 3352 283 3450 periunt
300 3350 469 3444 apietate
483 3350 627 3444 prorsus
642 3353 794 3440 alienos,
813 3370 1084 3441 nonnumquam
1094 3351 1202 3424 etiam

141 3453 279 3544 aliquus
303 3470 348 3521 ex
369 3449 437 3540 iia,
464 3454 524 3542 qui
549 3456 666 3527 verbo
685 3451 754 3523 Dei
774 3445 878 3525 fidem
898 3451 1032 3523 habere
1050 3448 1202 3520 credun·

141 3567 219 3641 tut5
246 3551 375 3640 quibus
389 3550 490 3642 pejus
507 3572 582 3645 vae,
601 3573 704 3645 quam
718 3553 764 3640 ei,
783 3552 843 3641 qui
856 3546 1094 3622 offensionem
1110 3548 1201 3641 pati·
1271 3618 1273 3623 .

141 3663 217 3746 tut,
245 3650 446 3744 contingit3
470 3650 561 3726 ficut
581 3648 666 3747 Tyra
680 3655 717 3728 (5
730 3652 843 3723 Sidoni
860 3646 1009 3739 remiffirrs
1022 3654 1085 3719 erit
1100 3652 1137 3718 ira
1153 3650 1202 3718 lia
1312 3727 1315 3732 ⁴

142 3753 268 3850 judicil,
295 3769 401 3840 quam
416 3750 506 3822 lacis
521 3752 591 3845 iis,
604 3756 640 3827 in
654 3754 783 3844 quibus
795 3749 889 3844 srgna
901 3752 933 3820 δι
947 3748 1110 3842 prodigia
1130 3747 1201 3820 edi·

146 3849 320 3947 litJesus,
344 3844 563 3949 fidesautenr
581 3855 846 3927 illihabitanon
865 3846 926 3923 est.
960 3850 1204 3946 Quemadmo·
1283 3921 1290 3930 ,

148 3955 223 4028 lum
239 3949 495 4041 autemaliquls
508 3973 598 4049 eos,
624 3954 684 4048 qui
694 3951 791 4026 beati
804 3946 1064 4043 predicantur,
1083 3946 1207 4038 utres,

194 4059 340 4154 origenis
369 4051 458 4126 urm.
486 4052 554 4127 xl.
753 4043 788 4130 E
864 4048 868 4063 '
1011 4059 1175 4148 propter
