<?xml version="1.0" encoding="UTF-8"?>
<!DOCTYPE html PUBLIC "-//W3C//DTD XHTML 1.0 Transitional//EN"
    "http://www.w3.org/TR/xhtml1/DTD/xhtml1-transitional.dtd">
<html xmlns="http://www.w3.org/1999/xhtml" xml:lang="en" lang="en">
 <head>
  <title>
</title>
<meta http-equiv="Content-Type" content="text/html;charset=utf-8" />
  <meta name='ocr-system' content='tesseract 3.04.00' />
  <meta name='ocr-capabilities' content='ocr_page ocr_carea ocr_par ocr_line ocrx_word'/>
</head>
<body>
  <div class='ocr_page' id='page_1' title='image "./operaomniasanct11unkngoog_0442.png"; bbox 0 0 2800 4567; ppageno 0'>
   <div class='ocr_carea' id='block_1_1' title="bbox 153 258 1193 425">
    <p class='ocr_par' dir='ltr' id='par_1_1' title="bbox 153 258 1193 425">
     <span class='ocr_line' id='line_1_1' title="bbox 153 258 1193 425; baseline 0.001 -24"><span class='ocrx_word' id='word_1_1' title='bbox 153 274 157 278; x_wconf 13' lang='grc' dir='ltr'><em>η</em></span> <span class='ocrx_word' id='word_1_2' title='bbox 279 321 343 401; x_wconf 88' lang='lat' dir='ltr'><strong>IN</strong></span> <span class='ocrx_word' id='word_1_3' title='bbox 369 319 741 400; x_wconf 80' lang='lat' dir='ltr'>MATTHAEUM</span> <span class='ocrx_word' id='word_1_4' title='bbox 770 261 1031 402; x_wconf 68' lang='lat' dir='ltr'><strong>Tomxvl.</strong></span> <span class='ocrx_word' id='word_1_5' title='bbox 1124 258 1193 425; x_wconf 51' lang='lat'><strong>{69</strong></span> 
     </span>
    </p>
   </div>
   <div class='ocr_carea' id='block_1_2' title="bbox 126 471 1195 581">
    <p class='ocr_par' dir='ltr' id='par_1_2' title="bbox 126 471 1195 581">
     <span class='ocr_line' id='line_1_2' title="bbox 126 471 1195 581; baseline -0.009 -20"><span class='ocrx_word' id='word_1_6' title='bbox 126 471 374 561; x_wconf 84' lang='lat' dir='ltr'><strong>columbarum</strong></span> <span class='ocrx_word' id='word_1_7' title='bbox 393 485 556 559; x_wconf 78' lang='lat' dir='ltr'><strong>ecclesius</strong></span> <span class='ocrx_word' id='word_1_8' title='bbox 571 479 750 574; x_wconf 78' lang='lat' dir='ltr'><strong>vendunt,</strong></span> <span class='ocrx_word' id='word_1_9' title='bbox 762 503 894 576; x_wconf 83' lang='lat' dir='ltr'><strong>easque</strong></span> <span class='ocrx_word' id='word_1_10' title='bbox 913 485 1088 577; x_wconf 79' lang='lat' dir='ltr'><strong>ejusmodi</strong></span> <span class='ocrx_word' id='word_1_11' title='bbox 1104 507 1195 581; x_wconf 88' lang='lat' dir='ltr'><strong>prae.</strong></span> 
     </span>
    </p>
   </div>
   <div class='ocr_carea' id='block_1_3' title="bbox 118 583 1278 3555">
    <p class='ocr_par' dir='ltr' id='par_1_3' title="bbox 118 583 1278 1770">
     <span class='ocr_line' id='line_1_3' title="bbox 125 583 1196 681; baseline -0.001 -21"><span class='ocrx_word' id='word_1_12' title='bbox 125 585 228 660; x_wconf 68' lang='lat' dir='ltr'><strong>sestis</strong></span> <span class='ocrx_word' id='word_1_13' title='bbox 244 586 410 676; x_wconf 89' lang='lat' dir='ltr'><strong>tradunt,</strong></span> <span class='ocrx_word' id='word_1_14' title='bbox 437 588 481 658; x_wconf 89' lang='lat' dir='ltr'><strong>de</strong></span> <span class='ocrx_word' id='word_1_15' title='bbox 506 586 633 676; x_wconf 89' lang='lat' dir='ltr'><strong>quibus</strong></span> <span class='ocrx_word' id='word_1_16' title='bbox 655 583 690 657; x_wconf 91' lang='lat' dir='ltr'><strong>id</strong></span> <span class='ocrx_word' id='word_1_17' title='bbox 714 584 784 656; x_wconf 94' lang='lat' dir='ltr'><strong>dici</strong></span> <span class='ocrx_word' id='word_1_18' title='bbox 803 584 942 677; x_wconf 86' lang='lat' dir='ltr'><strong>potest,</strong></span> <span class='ocrx_word' id='word_1_19' title='bbox 970 589 1068 675; x_wconf 88' lang='lat' dir='ltr'><strong>quod</strong></span> <span class='ocrx_word' id='word_1_20' title='bbox 1085 589 1119 657; x_wconf 90' lang='lat' dir='ltr'><strong>in</strong></span> <span class='ocrx_word' id='word_1_21' title='bbox 1136 587 1196 681; x_wconf 85' lang='lat' dir='ltr'><strong>Je·&#39;</strong></span> 
     </span>
     <span class='ocr_line' id='line_1_4' title="bbox 118 685 1192 781; baseline 0.003 -24"><span class='ocrx_word' id='word_1_22' title='bbox 118 686 239 758; x_wconf 84' lang='lat' dir='ltr'><strong>remia</strong></span> <span class='ocrx_word' id='word_1_23' title='bbox 253 704 273 757; x_wconf 86' lang='lat' dir='ltr'><strong>a</strong></span> <span class='ocrx_word' id='word_1_24' title='bbox 288 685 451 761; x_wconf 86' lang='lat' dir='ltr'><strong>Domino</strong></span> <span class='ocrx_word' id='word_1_25' title='bbox 467 685 670 776; x_wconf 85' lang='lat' dir='ltr'><strong>profertur:</strong></span> <span class='ocrx_word' id='word_1_26' title='bbox 701 686 864 777; x_wconf 71' lang='lat' dir='ltr'><strong>Principes</strong></span> <span class='ocrx_word' id='word_1_27' title='bbox 877 687 985 781; x_wconf 75' lang='lat' dir='ltr'><strong>papuli</strong></span> <span class='ocrx_word' id='word_1_28' title='bbox 996 694 1058 757; x_wconf 80' lang='lat' dir='ltr'><strong>mei</strong></span> <span class='ocrx_word' id='word_1_29' title='bbox 1072 710 1192 760; x_wconf 79' lang='lat' dir='ltr'><strong>meum</strong></span> 
     </span>
     <span class='ocr_line' id='line_1_5' title="bbox 127 783 1194 880; baseline 0.001 -26"><span class='ocrx_word' id='word_1_30' title='bbox 127 803 357 879; x_wconf 80' lang='lat' dir='ltr'><strong>cognoverunt:</strong></span> <span class='ocrx_word' id='word_1_31' title='bbox 376 785 446 875; x_wconf 80' lang='lat' dir='ltr'><strong>filii</strong></span> <span class='ocrx_word' id='word_1_32' title='bbox 468 785 650 879; x_wconf 64' lang='lat' dir='ltr'><strong>inspienter</strong></span> <span class='ocrx_word' id='word_1_33' title='bbox 669 783 763 870; x_wconf 76' lang='lat' dir='ltr'><strong>sunt,</strong></span> <span class='ocrx_word' id='word_1_34' title='bbox 789 783 829 859; x_wconf 69' lang='lat' dir='ltr'><strong><em>U</em></strong></span> <span class='ocrx_word' id='word_1_35' title='bbox 845 789 1006 856; x_wconf 78' lang='lat' dir='ltr'><strong>vecordes.-</strong></span> <span class='ocrx_word' id='word_1_36' title='bbox 1032 786 1194 880; x_wconf 74' lang='lat' dir='ltr'><strong>fiepienrer</strong></span> 
     </span>
     <span class='ocr_line' id='line_1_6' title="bbox 120 881 1193 975; baseline 0.001 -19"><span class='ocrx_word' id='word_1_37' title='bbox 120 889 227 975; x_wconf 81' lang='lat' dir='ltr'><strong>sunt,</strong></span> <span class='ocrx_word' id='word_1_38' title='bbox 251 883 440 975; x_wconf 68' lang='lat' dir='ltr'><strong>etfaciam</strong></span> <span class='ocrx_word' id='word_1_39' title='bbox 464 885 563 970; x_wconf 67' lang='lat' dir='ltr'><strong>mua,</strong></span> <span class='ocrx_word' id='word_1_40' title='bbox 590 885 663 954; x_wconf 85' lang='lat' dir='ltr'><strong>bene</strong></span> <span class='ocrx_word' id='word_1_41' title='bbox 683 900 788 954; x_wconf 80' lang='lat' dir='ltr'><strong>autem</strong></span> <span class='ocrx_word' id='word_1_42' title='bbox 804 881 914 975; x_wconf 81' lang='lat' dir='ltr'><em>[acere</em></span> <span class='ocrx_word' id='word_1_43' title='bbox 935 885 1132 975; x_wconf 73' lang='lat' dir='ltr'><strong>nescierunt,-</strong></span> <span class='ocrx_word' id='word_1_44' title='bbox 1159 887 1193 957; x_wconf 77' lang='lat' dir='ltr'><strong>dt</strong></span> 
     </span>
     <span class='ocr_line' id='line_1_7' title="bbox 129 977 1194 1077; baseline 0.004 -21"><span class='ocrx_word' id='word_1_45' title='bbox 129 984 228 1075; x_wconf 86' lang='lat' dir='ltr'><strong>quod</strong></span> <span class='ocrx_word' id='word_1_46' title='bbox 244 983 335 1076; x_wconf 87' lang='lat' dir='ltr'><strong>apud</strong></span> <span class='ocrx_word' id='word_1_47' title='bbox 350 983 563 1073; x_wconf 75' lang='lat' dir='ltr'><strong>Michaeam,</strong></span> <span class='ocrx_word' id='word_1_48' title='bbox 588 985 741 1074; x_wconf 87' lang='lat' dir='ltr'>opinor,</span> <span class='ocrx_word' id='word_1_49' title='bbox 767 977 822 1056; x_wconf 82' lang='lat' dir='ltr'><strong>lu&#39;s</strong></span> <span class='ocrx_word' id='word_1_50' title='bbox 837 984 955 1055; x_wconf 90' lang='lat' dir='ltr'><strong>verbis</strong></span> <span class='ocrx_word' id='word_1_51' title='bbox 972 998 1194 1077; x_wconf 85' lang='lat' dir='ltr'><strong>conceptum</strong></span> 
     </span>
     <span class='ocr_line' id='line_1_8' title="bbox 130 1082 1195 1180; baseline -0.001 -24"><span class='ocrx_word' id='word_1_52' title='bbox 130 1082 198 1156; x_wconf 80' lang='lat' dir='ltr'><strong>est:</strong></span> <span class='ocrx_word' id='word_1_53' title='bbox 228 1086 386 1180; x_wconf 78' lang='lat' dir='ltr'><em>Principes</em></span> <span class='ocrx_word' id='word_1_54' title='bbox 406 1085 510 1178; x_wconf 78' lang='lat' dir='ltr'><strong>populi</strong></span> <span class='ocrx_word' id='word_1_55' title='bbox 528 1088 587 1152; x_wconf 85' lang='lat' dir='ltr'><strong>mei</strong></span> <span class='ocrx_word' id='word_1_56' title='bbox 603 1088 770 1177; x_wconf 78' lang='lat' dir='ltr'><strong>ejicientur</strong></span> <span class='ocrx_word' id='word_1_57' title='bbox 784 1086 819 1153; x_wconf 84' lang='lat' dir='ltr'><strong>de</strong></span> <span class='ocrx_word' id='word_1_58' title='bbox 831 1087 915 1154; x_wconf 85' lang='lat' dir='ltr'><strong>domo</strong></span> <span class='ocrx_word' id='word_1_59' title='bbox 928 1086 1111 1154; x_wconf 83' lang='lat' dir='ltr'><strong>deliciarum</strong></span> <span class='ocrx_word' id='word_1_60' title='bbox 1119 1084 1195 1172; x_wconf 77' lang='lat' dir='ltr'><strong>sua·</strong></span> 
     </span>
     <span class='ocr_line' id='line_1_9' title="bbox 128 1179 1270 1278; baseline 0.004 -24"><span class='ocrx_word' id='word_1_61' title='bbox 128 1205 218 1254; x_wconf 81' lang='lat' dir='ltr'><strong>rum:</strong></span> <span class='ocrx_word' id='word_1_62' title='bbox 242 1182 318 1257; x_wconf 83' lang='lat' dir='ltr'><strong>haec</strong></span> <span class='ocrx_word' id='word_1_63' title='bbox 338 1184 431 1255; x_wconf 87' lang='lat' dir='ltr'><strong>enim</strong></span> <span class='ocrx_word' id='word_1_64' title='bbox 446 1181 472 1254; x_wconf 86' lang='lat' dir='ltr'>fi</span> <span class='ocrx_word' id='word_1_65' title='bbox 486 1179 675 1268; x_wconf 84' lang='lat' dir='ltr'><strong>audissent,</strong></span> <span class='ocrx_word' id='word_1_66' title='bbox 701 1183 886 1255; x_wconf 85' lang='lat' dir='ltr'><strong>columbas</strong></span> <span class='ocrx_word' id='word_1_67' title='bbox 902 1181 1031 1256; x_wconf 83' lang='lat' dir='ltr'><strong>Christi</strong></span> <span class='ocrx_word' id='word_1_68' title='bbox 1043 1183 1202 1278; x_wconf 85' lang='lat' dir='ltr'><strong>minime·</strong></span> <span class='ocrx_word' id='word_1_69' title='bbox 1267 1269 1270 1274; x_wconf 53' lang='grc'>,</span> 
     </span>
     <span class='ocr_line' id='line_1_10' title="bbox 129 1264 1195 1376; baseline 0.005 -23"><span class='ocrx_word' id='word_1_70' title='bbox 129 1264 295 1376; x_wconf 67' lang='lat' dir='ltr'><strong>profesio</strong></span> <span class='ocrx_word' id='word_1_71' title='bbox 311 1277 561 1372; x_wconf 88' lang='lat' dir='ltr'><strong>vendidissent,</strong></span> <span class='ocrx_word' id='word_1_72' title='bbox 582 1281 640 1353; x_wconf 92' lang='lat' dir='ltr'><strong>sed</strong></span> <span class='ocrx_word' id='word_1_73' title='bbox 657 1282 836 1373; x_wconf 84' lang='lat' dir='ltr'><strong>principes</strong></span> <span class='ocrx_word' id='word_1_74' title='bbox 857 1283 1033 1358; x_wconf 84' lang='lat' dir='ltr'><strong>columbis</strong></span> <span class='ocrx_word' id='word_1_75' title='bbox 1046 1304 1195 1376; x_wconf 85' lang='lat' dir='ltr'><strong>parcen·</strong></span> 
     </span>
     <span class='ocr_line' id='line_1_11' title="bbox 130 1378 1195 1471; baseline 0 -17"><span class='ocrx_word' id='word_1_76' title='bbox 130 1394 208 1464; x_wconf 87' lang='lat' dir='ltr'><strong>tes,</strong></span> <span class='ocrx_word' id='word_1_77' title='bbox 233 1399 274 1453; x_wconf 88' lang='lat' dir='ltr'><strong>ac</strong></span> <span class='ocrx_word' id='word_1_78' title='bbox 298 1381 342 1453; x_wconf 88' lang='lat' dir='ltr'><strong>de</strong></span> <span class='ocrx_word' id='word_1_79' title='bbox 367 1389 486 1452; x_wconf 88' lang='lat' dir='ltr'><strong>earum</strong></span> <span class='ocrx_word' id='word_1_80' title='bbox 506 1378 615 1454; x_wconf 85' lang='lat' dir='ltr'><strong>salute</strong></span> <span class='ocrx_word' id='word_1_81' title='bbox 634 1379 808 1454; x_wconf 82' lang='lat' dir='ltr'><strong>sollicitos</strong></span> <span class='ocrx_word' id='word_1_82' title='bbox 826 1380 1107 1471; x_wconf 83' lang='lat' dir='ltr'><strong>constituissent3</strong></span> <span class='ocrx_word' id='word_1_83' title='bbox 1133 1404 1195 1456; x_wconf 90' lang='lat' dir='ltr'><strong>ne·</strong></span> 
     </span>
     <span class='ocr_line' id='line_1_12' title="bbox 131 1478 1195 1573; baseline 0 -20"><span class='ocrx_word' id='word_1_84' title='bbox 131 1499 203 1573; x_wconf 90' lang='lat' dir='ltr'><strong>que</strong></span> <span class='ocrx_word' id='word_1_85' title='bbox 229 1478 570 1572; x_wconf 85' lang='lat' dir='ltr'><strong>circumspicientes,</strong></span> <span class='ocrx_word' id='word_1_86' title='bbox 598 1501 754 1571; x_wconf 88' lang='lat' dir='ltr'><strong>quonam</strong></span> <span class='ocrx_word' id='word_1_87' title='bbox 774 1479 949 1568; x_wconf 74' lang='lat' dir='ltr'><strong>madiam,</strong></span> <span class='ocrx_word' id='word_1_88' title='bbox 976 1481 1069 1554; x_wconf 88' lang='lat' dir='ltr'><strong>haud</strong></span> <span class='ocrx_word' id='word_1_89' title='bbox 1096 1479 1195 1554; x_wconf 83' lang='lat' dir='ltr'><strong>secus</strong></span> 
     </span>
     <span class='ocr_line' id='line_1_13' title="bbox 132 1575 1278 1679; baseline 0.003 -28"><span class='ocrx_word' id='word_1_90' title='bbox 132 1599 174 1652; x_wconf 82' lang='lat' dir='ltr'><strong>ac</strong></span> <span class='ocrx_word' id='word_1_91' title='bbox 189 1580 312 1674; x_wconf 83' lang='lat' dir='ltr'><strong>pingui</strong></span> <span class='ocrx_word' id='word_1_92' title='bbox 330 1582 496 1651; x_wconf 84' lang='lat' dir='ltr'><strong>columba</strong></span> <span class='ocrx_word' id='word_1_93' title='bbox 514 1580 690 1672; x_wconf 77' lang='lat' dir='ltr'><strong>epulaturi</strong></span> <span class='ocrx_word' id='word_1_94' title='bbox 706 1579 784 1654; x_wconf 82' lang='lat' dir='ltr'><strong>sint.</strong></span> <span class='ocrx_word' id='word_1_95' title='bbox 834 1575 964 1670; x_wconf 78' lang='lat' dir='ltr'><strong>Ejedlis</strong></span> <span class='ocrx_word' id='word_1_96' title='bbox 989 1594 1106 1660; x_wconf 86' lang='lat' dir='ltr'><strong>autem</strong></span> <span class='ocrx_word' id='word_1_97' title='bbox 1130 1582 1194 1674; x_wconf 91' lang='lat' dir='ltr'><strong>iis,</strong></span> <span class='ocrx_word' id='word_1_98' title='bbox 1275 1671 1278 1679; x_wconf 23' lang='grc' dir='ltr'>Ι</span> 
     </span>
     <span class='ocr_line' id='line_1_14' title="bbox 132 1677 1196 1770; baseline 0.005 -22"><span class='ocrx_word' id='word_1_99' title='bbox 132 1679 232 1770; x_wconf 81' lang='lat' dir='ltr'><strong>quod</strong></span> <span class='ocrx_word' id='word_1_100' title='bbox 257 1678 478 1768; x_wconf 91' lang='lat' dir='ltr'><strong>venderent,</strong></span> <span class='ocrx_word' id='word_1_101' title='bbox 509 1691 616 1770; x_wconf 84' lang='lat' dir='ltr'><strong>atque</strong></span> <span class='ocrx_word' id='word_1_102' title='bbox 632 1691 815 1770; x_wconf 83' lang='lat' dir='ltr'><strong>emerent,</strong></span> <span class='ocrx_word' id='word_1_103' title='bbox 844 1699 911 1751; x_wconf 88' lang='lat' dir='ltr'><strong>nec</strong></span> <span class='ocrx_word' id='word_1_104' title='bbox 927 1698 1003 1751; x_wconf 90' lang='lat' dir='ltr'><strong>non</strong></span> <span class='ocrx_word' id='word_1_105' title='bbox 1018 1677 1051 1750; x_wconf 77' lang='lat' dir='ltr'><strong>dr</strong></span> <span class='ocrx_word' id='word_1_106' title='bbox 1067 1699 1196 1753; x_wconf 89' lang='lat' dir='ltr'><strong>numu·</strong></span> 
     </span>
    </p>

    <p class='ocr_par' dir='ltr' id='par_1_4' title="bbox 119 1776 1255 3555">
     <span class='ocr_line' id='line_1_15' title="bbox 131 1776 1211 1874; baseline 0.001 -24"><span class='ocrx_word' id='word_1_107' title='bbox 131 1779 227 1850; x_wconf 85' lang='lat' dir='ltr'><strong>lariis</strong></span> <span class='ocrx_word' id='word_1_108' title='bbox 244 1776 538 1851; x_wconf 67' lang='lat' dir='ltr'><strong>&amp;colimbriam</strong></span> <span class='ocrx_word' id='word_1_109' title='bbox 554 1778 807 1850; x_wconf 84' lang='lat' dir='ltr'><strong>venditoribus</strong></span> <span class='ocrx_word' id='word_1_110' title='bbox 824 1778 999 1871; x_wconf 78' lang='lat' dir='ltr'><strong>pudorem</strong></span> <span class='ocrx_word' id='word_1_111' title='bbox 1011 1779 1211 1874; x_wconf 69' lang='lat' dir='ltr'><strong>incutiens</strong></span> 
     </span>
     <span class='ocr_line' id='line_1_16' title="bbox 130 1875 1202 1973; baseline 0.001 -24"><span class='ocrx_word' id='word_1_112' title='bbox 130 1875 230 1971; x_wconf 85' lang='lat' dir='ltr'><strong>Jesus</strong></span> <span class='ocrx_word' id='word_1_113' title='bbox 250 1897 295 1947; x_wconf 83' lang='lat' dir='ltr'><strong>ex</strong></span> <span class='ocrx_word' id='word_1_114' title='bbox 314 1877 514 1966; x_wconf 84' lang='lat' dir='ltr'><strong>vaticiniis,</strong></span> <span class='ocrx_word' id='word_1_115' title='bbox 542 1876 634 1967; x_wconf 85' lang='lat' dir='ltr'><strong>quasi</strong></span> <span class='ocrx_word' id='word_1_116' title='bbox 654 1897 699 1948; x_wconf 84' lang='lat' dir='ltr'><strong>ex</strong></span> <span class='ocrx_word' id='word_1_117' title='bbox 717 1879 826 1967; x_wconf 88' lang='lat' dir='ltr'><strong>patris</strong></span> <span class='ocrx_word' id='word_1_118' title='bbox 843 1876 891 1950; x_wconf 89' lang='lat' dir='ltr'><strong>sui</strong></span> <span class='ocrx_word' id='word_1_119' title='bbox 908 1878 1059 1973; x_wconf 84' lang='lat' dir='ltr'><strong>persona</strong></span> <span class='ocrx_word' id='word_1_120' title='bbox 1076 1879 1202 1970; x_wconf 88' lang='lat' dir='ltr'><strong>editis,-</strong></span> 
     </span>
     <span class='ocr_line' id='line_1_17' title="bbox 130 1974 1196 2068; baseline -0.001 -19"><span class='ocrx_word' id='word_1_121' title='bbox 130 1975 301 2068; x_wconf 84' lang='lat' dir='ltr'><strong>scriptum</strong></span> <span class='ocrx_word' id='word_1_122' title='bbox 325 1974 396 2047; x_wconf 78' lang='lat' dir='ltr'><strong>effe</strong></span> <span class='ocrx_word' id='word_1_123' title='bbox 418 1977 522 2046; x_wconf 80' lang='lat' dir='ltr'><strong>dicit:</strong></span> <span class='ocrx_word' id='word_1_124' title='bbox 555 1982 671 2046; x_wconf 66' lang='lat' dir='ltr'><strong>mmm</strong></span> <span class='ocrx_word' id='word_1_125' title='bbox 695 2003 781 2062; x_wconf 81' lang='lat' dir='ltr'><strong>mea,</strong></span> <span class='ocrx_word' id='word_1_126' title='bbox 807 1980 1086 2048; x_wconf 71' lang='lat' dir='ltr'><strong>demorationis</strong></span> <span class='ocrx_word' id='word_1_127' title='bbox 1107 2002 1196 2048; x_wconf 79' lang='lat' dir='ltr'><strong>voca·</strong></span> 
     </span>
     <span class='ocr_line' id='line_1_18' title="bbox 131 2073 1197 2165; baseline 0 -17"><span class='ocrx_word' id='word_1_128' title='bbox 131 2077 244 2160; x_wconf 66' lang='lat' dir='ltr'><strong>bievre</strong></span> <span class='ocrx_word' id='word_1_129' title='bbox 271 2094 340 2148; x_wconf 88' lang='lat' dir='ltr'><strong>nec</strong></span> <span class='ocrx_word' id='word_1_130' title='bbox 368 2077 462 2148; x_wconf 89' lang='lat' dir='ltr'><strong>enim</strong></span> <span class='ocrx_word' id='word_1_131' title='bbox 491 2074 583 2148; x_wconf 87' lang='lat' dir='ltr'><strong>aliud</strong></span> <span class='ocrx_word' id='word_1_132' title='bbox 608 2075 798 2165; x_wconf 85' lang='lat' dir='ltr'><strong>quidquam</strong></span> <span class='ocrx_word' id='word_1_133' title='bbox 817 2077 852 2148; x_wconf 94' lang='lat' dir='ltr'><strong>in</strong></span> <span class='ocrx_word' id='word_1_134' title='bbox 873 2076 1019 2149; x_wconf 82' lang='lat' dir='ltr'><strong>ecclesia</strong></span> <span class='ocrx_word' id='word_1_135' title='bbox 1037 2076 1107 2148; x_wconf 86' lang='lat' dir='ltr'><strong>Dei</strong></span> <span class='ocrx_word' id='word_1_136' title='bbox 1125 2073 1197 2148; x_wconf 86' lang='lat' dir='ltr'><strong>elle</strong></span> 
     </span>
     <span class='ocr_line' id='line_1_19' title="bbox 132 2172 1207 2270; baseline 0.001 -23"><span class='ocrx_word' id='word_1_137' title='bbox 132 2187 308 2270; x_wconf 85' lang='lat' dir='ltr'><strong>oportet,</strong></span> <span class='ocrx_word' id='word_1_138' title='bbox 335 2194 438 2266; x_wconf 77' lang='lat' dir='ltr'><strong>quarn</strong></span> <span class='ocrx_word' id='word_1_139' title='bbox 454 2173 666 2268; x_wconf 89' lang='lat' dir='ltr'><strong>petitionem</strong></span> <span class='ocrx_word' id='word_1_140' title='bbox 684 2172 788 2247; x_wconf 78' lang='lat' dir='ltr'><strong>santii</strong></span> <span class='ocrx_word' id='word_1_141' title='bbox 810 2176 1000 2266; x_wconf 88' lang='lat' dir='ltr'><strong>cujuslibet</strong></span> <span class='ocrx_word' id='word_1_142' title='bbox 1021 2176 1207 2269; x_wconf 69' lang='lat' dir='ltr'><strong>operis&amp;</strong></span> 
     </span>
     <span class='ocr_line' id='line_1_20' title="bbox 131 2269 1199 2378; baseline 0.002 -34"><span class='ocrx_word' id='word_1_143' title='bbox 131 2273 374 2347; x_wconf 80' lang='lat' dir='ltr'><strong>visitationem</strong></span> <span class='ocrx_word' id='word_1_144' title='bbox 393 2271 462 2378; x_wconf 69' lang='lat' dir='ltr'><strong>Dei</strong></span> <span class='ocrx_word' id='word_1_145' title='bbox 479 2269 745 2372; x_wconf 82' lang='lat' dir='ltr'><strong>arcelsentis,&amp;</strong></span> <span class='ocrx_word' id='word_1_146' title='bbox 766 2275 1090 2365; x_wconf 83' lang='lat' dir='ltr'><strong>precationisloco</strong></span> <span class='ocrx_word' id='word_1_147' title='bbox 1105 2273 1199 2369; x_wconf 87' lang='lat' dir='ltr'><strong>apud</strong></span> 
     </span>
     <span class='ocr_line' id='line_1_21' title="bbox 133 2365 1255 2464; baseline -0.002 -19"><span class='ocrx_word' id='word_1_148' title='bbox 133 2369 406 2458; x_wconf 83' lang='lat' dir='ltr'><strong>Deum-habiti,</strong></span> <span class='ocrx_word' id='word_1_149' title='bbox 429 2365 532 2463; x_wconf 64' lang='lat' dir='ltr'><strong>fianta</strong></span> <span class='ocrx_word' id='word_1_150' title='bbox 550 2373 647 2464; x_wconf 83' lang='lat' dir='ltr'><strong>quod</strong></span> <span class='ocrx_word' id='word_1_151' title='bbox 666 2369 827 2464; x_wconf 85' lang='lat' dir='ltr'><strong>poffibile</strong></span> <span class='ocrx_word' id='word_1_152' title='bbox 844 2373 1014 2445; x_wconf 87' lang='lat' dir='ltr'><strong>iiludest:</strong></span> <span class='ocrx_word' id='word_1_153' title='bbox 1041 2380 1122 2444; x_wconf 76' lang='lat' dir='ltr'><strong>Sine</strong></span> <span class='ocrx_word' id='word_1_154' title='bbox 1147 2381 1201 2443; x_wconf 76' lang='lat' dir='ltr'><strong>in·</strong></span> <span class='ocrx_word' id='word_1_155' title='bbox 1253 2417 1255 2422; x_wconf 90' lang='lat'>-</span> 
     </span>
     <span class='ocr_line' id='line_1_22' title="bbox 135 2463 1202 2568; baseline 0.003 -25"><span class='ocrx_word' id='word_1_156' title='bbox 135 2468 327 2563; x_wconf 75' lang='lat' dir='ltr'><strong>termiffime</strong></span> <span class='ocrx_word' id='word_1_157' title='bbox 347 2463 455 2554; x_wconf 57' lang='lat' dir='ltr'><strong>erare}</strong></span> <span class='ocrx_word' id='word_1_158' title='bbox 480 2487 516 2543; x_wconf 86' lang='lat' dir='ltr'><strong>at</strong></span> <span class='ocrx_word' id='word_1_159' title='bbox 533 2492 603 2544; x_wconf 88' lang='lat' dir='ltr'><strong>vos</strong></span> <span class='ocrx_word' id='word_1_160' title='bbox 624 2473 799 2560; x_wconf 81' lang='lat' dir='ltr'><strong>orationis</strong></span> <span class='ocrx_word' id='word_1_161' title='bbox 818 2473 962 2554; x_wconf 88' lang='lat' dir='ltr'><strong>domum</strong></span> <span class='ocrx_word' id='word_1_162' title='bbox 978 2473 1120 2568; x_wconf 81' lang='lat' dir='ltr'><strong>flagitiis</strong></span> <span class='ocrx_word' id='word_1_163' title='bbox 1137 2495 1202 2546; x_wconf 84' lang='lat' dir='ltr'><strong>ve·</strong></span> 
     </span>
     <span class='ocr_line' id='line_1_23' title="bbox 134 2565 1214 2664; baseline 0 -19"><span class='ocrx_word' id='word_1_164' title='bbox 134 2570 214 2645; x_wconf 86' lang='lat' dir='ltr'><strong>stris</strong></span> <span class='ocrx_word' id='word_1_165' title='bbox 234 2572 415 2644; x_wconf 74' lang='lat' dir='ltr'><strong>latronum</strong></span> <span class='ocrx_word' id='word_1_166' title='bbox 430 2565 633 2662; x_wconf 88' lang='lat' dir='ltr'><strong>speluncam</strong></span> <span class='ocrx_word' id='word_1_167' title='bbox 654 2569 803 2645; x_wconf 83' lang='lat' dir='ltr'><strong>fecistis:</strong></span> <span class='ocrx_word' id='word_1_168' title='bbox 831 2570 864 2643; x_wconf 77' lang='lat' dir='ltr'><strong>dr</strong></span> <span class='ocrx_word' id='word_1_169' title='bbox 891 2567 1131 2664; x_wconf 75' lang='lat' dir='ltr'><strong>sepenumero</strong></span> <span class='ocrx_word' id='word_1_170' title='bbox 1157 2572 1214 2645; x_wconf 84' lang='lat' dir='ltr'><strong>ad&#39;</strong></span> 
     </span>
     <span class='ocr_line' id='line_1_24' title="bbox 135 2669 1203 2765; baseline -0.001 -22"><span class='ocrx_word' id='word_1_171' title='bbox 135 2671 433 2764; x_wconf 80' lang='lat' dir='ltr'><strong>depravationem</strong></span> <span class='ocrx_word' id='word_1_172' title='bbox 456 2671 625 2759; x_wconf 75' lang='lat' dir='ltr'><strong>paulatim</strong></span> <span class='ocrx_word' id='word_1_173' title='bbox 642 2673 691 2741; x_wconf 89' lang='lat' dir='ltr'><strong>ita</strong></span> <span class='ocrx_word' id='word_1_174' title='bbox 705 2685 896 2765; x_wconf 86' lang='lat' dir='ltr'><strong>vergentes</strong></span> <span class='ocrx_word' id='word_1_175' title='bbox 915 2671 1072 2744; x_wconf 83' lang='lat' dir='ltr'><strong>ecclesrae</strong></span> <span class='ocrx_word' id='word_1_176' title='bbox 1090 2669 1203 2744; x_wconf 84' lang='lat' dir='ltr'><strong>credi·</strong></span> 
     </span>
     <span class='ocr_line' id='line_1_25' title="bbox 135 2767 1204 2862; baseline 0 -18"><span class='ocrx_word' id='word_1_177' title='bbox 135 2783 183 2844; x_wconf 78' lang='lat' dir='ltr'><strong>tre</strong></span> <span class='ocrx_word' id='word_1_178' title='bbox 197 2790 255 2842; x_wconf 89' lang='lat' dir='ltr'><strong>res</strong></span> <span class='ocrx_word' id='word_1_179' title='bbox 272 2770 473 2860; x_wconf 88' lang='lat' dir='ltr'><strong>comperire</strong></span> <span class='ocrx_word' id='word_1_180' title='bbox 489 2768 596 2862; x_wconf 89' lang='lat' dir='ltr'><strong>licet,</strong></span> <span class='ocrx_word' id='word_1_181' title='bbox 623 2783 663 2839; x_wconf 89' lang='lat' dir='ltr'><strong>ut</strong></span> <span class='ocrx_word' id='word_1_182' title='bbox 677 2791 697 2840; x_wconf 87' lang='lat' dir='ltr'><strong>a</strong></span> <span class='ocrx_word' id='word_1_183' title='bbox 709 2771 889 2841; x_wconf 84' lang='lat' dir='ltr'><strong>latronum</strong></span> <span class='ocrx_word' id='word_1_184' title='bbox 905 2767 1072 2861; x_wconf 89' lang='lat' dir='ltr'><strong>spelunca</strong></span> <span class='ocrx_word' id='word_1_185' title='bbox 1085 2773 1120 2843; x_wconf 91' lang='lat' dir='ltr'><strong>in</strong></span> <span class='ocrx_word' id='word_1_186' title='bbox 1137 2789 1204 2846; x_wconf 89' lang='lat' dir='ltr'><strong>no·</strong></span> 
     </span>
     <span class='ocr_line' id='line_1_26' title="bbox 136 2863 1204 2962; baseline -0.004 -17"><span class='ocrx_word' id='word_1_187' title='bbox 136 2864 236 2946; x_wconf 78' lang='lat' dir='ltr'><strong>rnine</strong></span> <span class='ocrx_word' id='word_1_188' title='bbox 255 2865 382 2940; x_wconf 88' lang='lat' dir='ltr'><strong>Christi</strong></span> <span class='ocrx_word' id='word_1_189' title='bbox 408 2880 645 2962; x_wconf 81' lang='lat' dir='ltr'><strong>congregatus</strong></span> <span class='ocrx_word' id='word_1_190' title='bbox 664 2882 777 2939; x_wconf 76' lang='lat' dir='ltr'><strong>cretus</strong></span> <span class='ocrx_word' id='word_1_191' title='bbox 800 2870 945 2940; x_wconf 90' lang='lat' dir='ltr'><strong>minime</strong></span> <span class='ocrx_word' id='word_1_192' title='bbox 964 2863 1126 2960; x_wconf 87' lang='lat' dir='ltr'><strong>differat,</strong></span> <span class='ocrx_word' id='word_1_193' title='bbox 1152 2870 1204 2942; x_wconf 77' lang='lat' dir='ltr'><strong>ita</strong></span> 
     </span>
     <span class='ocr_line' id='line_1_27' title="bbox 137 2964 1202 3066; baseline -0.003 -26"><span class='ocrx_word' id='word_1_194' title='bbox 137 2980 180 3041; x_wconf 85' lang='lat' dir='ltr'><strong>ut</strong></span> <span class='ocrx_word' id='word_1_195' title='bbox 196 2967 265 3040; x_wconf 85' lang='lat' dir='ltr'><strong>illis</strong></span> <span class='ocrx_word' id='word_1_196' title='bbox 287 2966 354 3066; x_wconf 76' lang='lat' dir='ltr'><strong>dicj</strong></span> <span class='ocrx_word' id='word_1_197' title='bbox 373 2980 498 3059; x_wconf 82' lang='lat' dir='ltr'><strong>queat:</strong></span> <span class='ocrx_word' id='word_1_198' title='bbox 527 2970 657 3063; x_wconf 77' lang='lat' dir='ltr'><strong>Propter</strong></span> <span class='ocrx_word' id='word_1_199' title='bbox 676 2991 733 3036; x_wconf 84' lang='lat' dir='ltr'><strong>vos</strong></span> <span class='ocrx_word' id='word_1_200' title='bbox 751 2964 865 3061; x_wconf 73' lang='lat' dir='ltr'><strong>semper</strong></span> <span class='ocrx_word' id='word_1_201' title='bbox 883 2989 994 3037; x_wconf 81' lang='lat' dir='ltr'><strong>nomen</strong></span> <span class='ocrx_word' id='word_1_202' title='bbox 1008 2992 1106 3037; x_wconf 84' lang='lat' dir='ltr'><strong>meum</strong></span> <span class='ocrx_word' id='word_1_203' title='bbox 1125 2968 1202 3052; x_wconf 62' lang='lat' dir='ltr'><strong>blasi</strong></span> 
     </span>
     <span class='ocr_line' id='line_1_28' title="bbox 132 3064 1205 3166; baseline 0.003 -30"><span class='ocrx_word' id='word_1_204' title='bbox 132 3069 304 3166; x_wconf 68' lang='lat' dir='ltr'><strong>phenatae</strong></span> <span class='ocrx_word' id='word_1_205' title='bbox 327 3070 365 3136; x_wconf 79' lang='lat' dir='ltr'><strong>in</strong></span> <span class='ocrx_word' id='word_1_206' title='bbox 386 3070 541 3159; x_wconf 79' lang='lat' dir='ltr'><strong>gentibus.</strong></span> <span class='ocrx_word' id='word_1_207' title='bbox 599 3067 712 3165; x_wconf 89' lang='lat' dir='ltr'><strong>Quod</strong></span> <span class='ocrx_word' id='word_1_208' title='bbox 738 3065 762 3138; x_wconf 88' lang='lat' dir='ltr'>fi</span> <span class='ocrx_word' id='word_1_209' title='bbox 787 3064 998 3140; x_wconf 79' lang='lat' dir='ltr'><strong>illustranda</strong></span> <span class='ocrx_word' id='word_1_210' title='bbox 1024 3064 1205 3159; x_wconf 76' lang='lat' dir='ltr'><strong>scripture</strong></span> 
     </span>
     <span class='ocr_line' id='line_1_29' title="bbox 119 3164 1204 3265; baseline 0 -27"><span class='ocrx_word' id='word_1_211' title='bbox 119 3165 252 3265; x_wconf 79' lang='lat' dir='ltr'><strong>-gratia</strong></span> <span class='ocrx_word' id='word_1_212' title='bbox 274 3164 342 3249; x_wconf 82' lang='lat' dir='ltr'><strong>tria</strong></span> <span class='ocrx_word' id='word_1_213' title='bbox 360 3186 486 3238; x_wconf 88' lang='lat' dir='ltr'><strong>eorum</strong></span> <span class='ocrx_word' id='word_1_214' title='bbox 505 3185 658 3260; x_wconf 81' lang='lat' dir='ltr'><strong>genera,</strong></span> <span class='ocrx_word' id='word_1_215' title='bbox 686 3167 746 3255; x_wconf 90' lang='lat' dir='ltr'><strong>qui</strong></span> <span class='ocrx_word' id='word_1_216' title='bbox 769 3167 828 3238; x_wconf 88' lang='lat' dir='ltr'><strong>bic</strong></span> <span class='ocrx_word' id='word_1_217' title='bbox 850 3167 1057 3262; x_wconf 84' lang='lat' dir='ltr'><strong>congregati</strong></span> <span class='ocrx_word' id='word_1_218' title='bbox 1079 3180 1204 3260; x_wconf 85' lang='lat' dir='ltr'><strong>erant,</strong></span> 
     </span>
     <span class='ocr_line' id='line_1_30' title="bbox 141 3262 1205 3363; baseline 0.002 -25"><span class='ocrx_word' id='word_1_219' title='bbox 141 3265 341 3352; x_wconf 70' lang='lat' dir='ltr'><strong>accuratius</strong></span> <span class='ocrx_word' id='word_1_220' title='bbox 358 3263 574 3363; x_wconf 83' lang='lat' dir='ltr'><strong>exponenda</strong></span> <span class='ocrx_word' id='word_1_221' title='bbox 591 3262 692 3356; x_wconf 92' lang='lat' dir='ltr'><strong>sunt,</strong></span> <span class='ocrx_word' id='word_1_222' title='bbox 721 3263 937 3345; x_wconf 79' lang='lat' dir='ltr'><strong>videndum,</strong></span> <span class='ocrx_word' id='word_1_223' title='bbox 962 3288 1004 3338; x_wconf 86' lang='lat' dir='ltr'><strong>an</strong></span> <span class='ocrx_word' id='word_1_224' title='bbox 1023 3286 1121 3358; x_wconf 88' lang='lat' dir='ltr'><strong>non,</strong></span> <span class='ocrx_word' id='word_1_225' title='bbox 1145 3266 1205 3357; x_wconf 88' lang='lat' dir='ltr'><strong>qui</strong></span> 
     </span>
     <span class='ocr_line' id='line_1_31' title="bbox 141 3363 1205 3460; baseline -0.003 -22"><span class='ocrx_word' id='word_1_226' title='bbox 141 3385 164 3438; x_wconf 85' lang='lat' dir='ltr'><strong>e</strong></span> <span class='ocrx_word' id='word_1_227' title='bbox 181 3365 322 3460; x_wconf 89' lang='lat' dir='ltr'><strong>populo</strong></span> <span class='ocrx_word' id='word_1_228' title='bbox 338 3363 444 3437; x_wconf 90' lang='lat' dir='ltr'><strong>nullis</strong></span> <span class='ocrx_word' id='word_1_229' title='bbox 459 3365 548 3456; x_wconf 85' lang='lat' dir='ltr'><strong>aliis,</strong></span> <span class='ocrx_word' id='word_1_230' title='bbox 567 3383 670 3455; x_wconf 84' lang='lat' dir='ltr'><strong>quem</strong></span> <span class='ocrx_word' id='word_1_231' title='bbox 687 3363 936 3444; x_wconf 86' lang='lat' dir='ltr'><strong>mundirebus</strong></span> <span class='ocrx_word' id='word_1_232' title='bbox 956 3380 1205 3459; x_wconf 87' lang='lat' dir='ltr'><strong>occupantur,</strong></span> 
     </span>
     <span class='ocr_line' id='line_1_32' title="bbox 139 3457 1205 3555; baseline 0 -19"><span class='ocrx_word' id='word_1_233' title='bbox 139 3459 175 3536; x_wconf 82' lang='lat' dir='ltr'><strong>dt</strong></span> <span class='ocrx_word' id='word_1_234' title='bbox 195 3463 389 3537; x_wconf 89' lang='lat' dir='ltr'><strong>vendendo</strong></span> <span class='ocrx_word' id='word_1_235' title='bbox 409 3461 523 3536; x_wconf 87' lang='lat' dir='ltr'><strong>solum</strong></span> <span class='ocrx_word' id='word_1_236' title='bbox 540 3464 767 3552; x_wconf 89' lang='lat' dir='ltr'><strong>emendoque</strong></span> <span class='ocrx_word' id='word_1_237' title='bbox 783 3462 893 3536; x_wconf 88' lang='lat' dir='ltr'><strong>dediti</strong></span> <span class='ocrx_word' id='word_1_238' title='bbox 910 3457 1011 3555; x_wconf 91' lang='lat' dir='ltr'><strong>sunt,</strong></span> <span class='ocrx_word' id='word_1_239' title='bbox 1037 3482 1120 3536; x_wconf 85' lang='lat' dir='ltr'><strong>raro</strong></span> <span class='ocrx_word' id='word_1_240' title='bbox 1148 3483 1205 3536; x_wconf 86' lang='lat' dir='ltr'><strong>au·</strong></span> 
     </span>
    </p>
   </div>
   <div class='ocr_carea' id='block_1_4' title="bbox 140 3561 1329 3756">
    <p class='ocr_par' dir='ltr' id='par_1_5' title="bbox 140 3561 1329 3756">
     <span class='ocr_line' id='line_1_33' title="bbox 140 3561 1329 3662; baseline -0.004 -25"><span class='ocrx_word' id='word_1_241' title='bbox 140 3571 216 3638; x_wconf 84' lang='lat' dir='ltr'><strong>t&#39;em</strong></span> <span class='ocrx_word' id='word_1_242' title='bbox 237 3561 486 3653; x_wconf 84' lang='lat' dir='ltr'><strong>orationibus,</strong></span> <span class='ocrx_word' id='word_1_243' title='bbox 511 3561 559 3654; x_wconf 80' lang='lat' dir='ltr'><strong>dc,</strong></span> <span class='ocrx_word' id='word_1_244' title='bbox 577 3581 653 3653; x_wconf 77' lang='lat' dir='ltr'><strong>que</strong></span> <span class='ocrx_word' id='word_1_245' title='bbox 669 3561 841 3636; x_wconf 83' lang='lat' dir='ltr'><strong>desiderat</strong></span> <span class='ocrx_word' id='word_1_246' title='bbox 856 3562 1018 3648; x_wconf 84' lang='lat' dir='ltr'><strong>divinum</strong></span> <span class='ocrx_word' id='word_1_247' title='bbox 1028 3563 1206 3662; x_wconf 88' lang='lat' dir='ltr'><strong>Verbum,</strong></span> <span class='ocrx_word' id='word_1_248' title='bbox 1316 3621 1329 3632; x_wconf 89' lang='lat'>.</span> 
     </span>
     <span class='ocr_line' id='line_1_34' title="bbox 142 3657 1329 3756; baseline -0.002 -18"><span class='ocrx_word' id='word_1_249' title='bbox 142 3661 314 3756; x_wconf 87' lang='lat' dir='ltr'><strong>operibns</strong></span> <span class='ocrx_word' id='word_1_250' title='bbox 330 3663 567 3752; x_wconf 89' lang='lat' dir='ltr'><strong>incumbunt,</strong></span> <span class='ocrx_word' id='word_1_251' title='bbox 593 3662 616 3732; x_wconf 92' lang='lat' dir='ltr'><strong>ii</strong></span> <span class='ocrx_word' id='word_1_252' title='bbox 632 3661 722 3755; x_wconf 80' lang='lat' dir='ltr'><strong>snt,</strong></span> <span class='ocrx_word' id='word_1_253' title='bbox 752 3662 811 3754; x_wconf 91' lang='lat' dir='ltr'><strong>qul</strong></span> <span class='ocrx_word' id='word_1_254' title='bbox 828 3664 865 3735; x_wconf 93' lang='lat' dir='ltr'><strong>in</strong></span> <span class='ocrx_word' id='word_1_255' title='bbox 884 3657 951 3734; x_wconf 87' lang='lat' dir='ltr'><strong>Dei</strong></span> <span class='ocrx_word' id='word_1_256' title='bbox 966 3661 1103 3756; x_wconf 86' lang='lat' dir='ltr'><strong>templo</strong></span> <span class='ocrx_word' id='word_1_257' title='bbox 1119 3684 1207 3736; x_wconf 88' lang='lat' dir='ltr'><strong>ven·</strong></span> <span class='ocrx_word' id='word_1_258' title='bbox 1325 3663 1329 3670; x_wconf 84' lang='lat'><em>&#39;</em></span> 
     </span>
    </p>
   </div>
   <div class='ocr_carea' id='block_1_5' title="bbox 142 3757 1208 4152">
    <p class='ocr_par' dir='ltr' id='par_1_6' title="bbox 143 3757 1207 3856">
     <span class='ocr_line' id='line_1_35' title="bbox 143 3757 1207 3856; baseline 0.001 -22"><span class='ocrx_word' id='word_1_259' title='bbox 143 3762 236 3834; x_wconf 87' lang='lat' dir='ltr'><strong>dunt</strong></span> <span class='ocrx_word' id='word_1_260' title='bbox 255 3757 288 3833; x_wconf 76' lang='lat' dir='ltr'><strong>b</strong></span> <span class='ocrx_word' id='word_1_261' title='bbox 305 3763 447 3852; x_wconf 69' lang='lat' dir='ltr'><strong>emund,-</strong></span> <span class='ocrx_word' id='word_1_262' title='bbox 473 3760 616 3833; x_wconf 87' lang='lat' dir='ltr'><strong>diaconi</strong></span> <span class='ocrx_word' id='word_1_263' title='bbox 641 3781 756 3852; x_wconf 89' lang='lat' dir='ltr'><strong>vero,</strong></span> <span class='ocrx_word' id='word_1_264' title='bbox 784 3761 843 3852; x_wconf 88' lang='lat' dir='ltr'><strong>qui</strong></span> <span class='ocrx_word' id='word_1_265' title='bbox 861 3761 1016 3835; x_wconf 74' lang='lat' dir='ltr'><strong>ecclesie</strong></span> <span class='ocrx_word' id='word_1_266' title='bbox 1036 3761 1207 3856; x_wconf 81' lang='lat' dir='ltr'><strong>pecunias</strong></span> 
     </span>
    </p>

    <p class='ocr_par' dir='ltr' id='par_1_7' title="bbox 142 3857 1207 3954">
     <span class='ocr_line' id='line_1_36' title="bbox 142 3857 1207 3954; baseline -0.002 -19"><span class='ocrx_word' id='word_1_267' title='bbox 142 3871 221 3935; x_wconf 81' lang='lat' dir='ltr'><strong>non</strong></span> <span class='ocrx_word' id='word_1_268' title='bbox 240 3857 336 3933; x_wconf 80' lang='lat' dir='ltr'><strong>retie</strong></span> <span class='ocrx_word' id='word_1_269' title='bbox 356 3857 565 3952; x_wconf 63' lang='lat' dir='ltr'><strong>dispensant,</strong></span> <span class='ocrx_word' id='word_1_270' title='bbox 578 3859 639 3932; x_wconf 78' lang='lat' dir='ltr'><strong>lbd</strong></span> <span class='ocrx_word' id='word_1_271' title='bbox 656 3877 714 3934; x_wconf 83' lang='lat' dir='ltr'><strong>eas</strong></span> <span class='ocrx_word' id='word_1_272' title='bbox 732 3859 867 3954; x_wconf 79' lang='lat' dir='ltr'><strong>semper</strong></span> <span class='ocrx_word' id='word_1_273' title='bbox 883 3862 1043 3936; x_wconf 86' lang='lat' dir='ltr'><strong>manibus</strong></span> <span class='ocrx_word' id='word_1_274' title='bbox 1063 3875 1207 3933; x_wconf 88' lang='lat' dir='ltr'><strong>contre·</strong></span> 
     </span>
    </p>

    <p class='ocr_par' dir='ltr' id='par_1_8' title="bbox 142 3955 1208 4152">
     <span class='ocr_line' id='line_1_37' title="bbox 142 3955 1208 4053; baseline 0.001 -20"><span class='ocrx_word' id='word_1_275' title='bbox 142 3958 261 4048; x_wconf 70' lang='lat' dir='ltr'><strong>stant,</strong></span> <span class='ocrx_word' id='word_1_276' title='bbox 286 3977 363 4032; x_wconf 89' lang='lat' dir='ltr'><strong>non</strong></span> <span class='ocrx_word' id='word_1_277' title='bbox 388 3957 537 4032; x_wconf 80' lang='lat' dir='ltr'><strong>honeste</strong></span> <span class='ocrx_word' id='word_1_278' title='bbox 561 3977 654 4038; x_wconf 84' lang='lat' dir='ltr'><strong>vero</strong></span> <span class='ocrx_word' id='word_1_279' title='bbox 675 3957 936 4053; x_wconf 80' lang='lat' dir='ltr'><strong>administrant,</strong></span> <span class='ocrx_word' id='word_1_280' title='bbox 962 3955 1019 4036; x_wconf 86' lang='lat' dir='ltr'><strong>sed</strong></span> <span class='ocrx_word' id='word_1_281' title='bbox 1040 3965 1103 4048; x_wconf 73' lang='lat' dir='ltr'><strong>ela,</strong></span> <span class='ocrx_word' id='word_1_282' title='bbox 1130 3979 1208 4042; x_wconf 77' lang='lat' dir='ltr'><strong>ouae</strong></span> 
     </span>
     <span class='ocr_line' id='line_1_38' title="bbox 199 4058 1171 4152; baseline -0.005 -22"><span class='ocrx_word' id='word_1_283' title='bbox 199 4063 345 4152; x_wconf 56' lang='lat' dir='ltr'><strong>(Ripense</strong></span> <span class='ocrx_word' id='word_1_284' title='bbox 374 4059 462 4133; x_wconf 75' lang='lat' dir='ltr'><strong>Tum.</strong></span> <span class='ocrx_word' id='word_1_285' title='bbox 491 4061 561 4132; x_wconf 82' lang='lat' dir='ltr'><strong>xl.</strong></span> <span class='ocrx_word' id='word_1_286' title='bbox 812 4058 885 4134; x_wconf 68' lang='lat' dir='ltr'><strong>Aa</strong></span> <span class='ocrx_word' id='word_1_287' title='bbox 1050 4061 1171 4147; x_wconf 45' lang='lat' dir='ltr'><strong>vuius&gt;</strong></span> 
     </span>
    </p>
   </div>
   <div class='ocr_carea' id='block_1_6' title="bbox 0 0 1419 4567">
    <p class='ocr_par' dir='ltr' id='par_1_9' title="bbox 0 0 1419 4567">
     <span class='ocr_line' id='line_1_39' title="bbox 0 0 1419 4567; baseline 0 0"><span class='ocrx_word' id='word_1_288' title='bbox 0 0 1419 4567; x_wconf 95' lang='lat' dir='ltr'><strong> </strong></span> 
     </span>
    </p>
   </div>
  </div>
 </body>
</html>
