2800 4567
323 341 387 424 1n,
407 341 776 422 normanum
813 295 1048 421 των.
1151 364 1221 442 197

161 501 255 580 ditia
269 502 350 579 sum
368 505 556 599 supereo:
589 509 678 600 Quid
690 499 923 600 bonifacium?
954 501 1017 600 (ee
1033 519 1150 580 autem
1171 506 1222 580 di-

162 605 218 680 ae
236 604 334 679 sunt:
361 609 449 700 Quid
463 632 511 677 ma
534 609 759 701 interrogatio
781 602 880 678 bono.²
912 606 1049 702 unusrfl
1069 605 1216 703 iones,)

161 707 428 780 connexionem
442 707 551 780 habet
575 708 681 780 illud:
707 711 817 802 Quum
830 708 974 798 feceritis
999 711 1123 792 onnia,
1149 730 1217 802 que

155 822 311 903 precepto
321 806 399 891 sunt
415 807 524 891 uobis,
548 808 663 878 debetis
677 810 794 890 dicere:
821 812 917 878 Servi
939 806 1073 876 inutiles
1087 806 1214 893 sumrs3

159 904 408 1002 qerd‘driur‘mrrr
419 905 543 997 sarcre,
561 906 706 998 serimus.
733 957 741 984 ,ι
757 906 850 982 Nam
868 906 914 997 s1,
931 925 1161 997 quaecumque
1176 904 1220 978 iu

160 1004 334 1078 mandatis
357 1003 606 1099 habuerimus,
632 1008 774 1082 anobis
794 1006 889 1103 gesto
909 1005 1071 1096 fuerint,
1097 1025 1144 1078 ne
1166 1003 1223 1076 fio
1323 1068 1329 1079 .

160 1103 339 1195 quidem,
369 1105 480 1196 -juxta
512 1106 584 1179 loci
615 1104 1081 1202 huius-significationem,
1124 1104 1213 1176 boni

159 1203 349 1295 quidquam
373 1204 585 1291 iecerintusq
605 1211 691 1280 'nam
720 1206 742 1277 ir
769 1209 865 1281 bona
881 1204 1010 1291 essent,
1036 1223 1112 1295 quae
1131 1203 1213 1276 faci.

158 1323 263 1395 mur,
289 1302 432 1378 minime
454 1303 534 1398 post
559 1325 698 1380 morem
720 1306 895 1379 mandatis
916 1303 1068 1401 gestum,
1096 1303 1213 1377 dicen·

160 1401 243 1476 dum
259 1400 296 1474 id
316 1399 385 1476 esie
404 1401 634 1482 scriberetur:
661 1410 760 1478 Servi
783 1407 915 1477 inuritis
926 1406 1045 1492 samus.
1095 1397 1147 1474 At
1169 1422 1213 1476 ee

159 1499 257 1574 bona
286 1497 357 1574 effe
382 1523 447 1595 per
465 1504 672 1582 'ahusronem
699 1505 819 1579 dicere
844 1506 958 1593 licet,
998 1501 1147 1595 perinde
1170 1522 1213 1574 ac

158 1598 265 1672 iliud:
295 1604 462 1674 murrea
482 1605 580 1686 molo,
605 1605 644 1683 U
651 1605 710 1699 fac
725 1606 849 1678 bonaur.
901 1601 981 1697 Ego
994 1621 1086 1673 vero
1097 1598 1213 1673 existi·

159 1719 219 1780 no
240 1718 344 1791 eum,
371 1702 430 1792 qui
449 1701 485 1776 id
499 1703 648 1797 facessit,
675 1706 773 1798 quod
789 1706 862 1779 hoc
886 1706 973 1777 loco
1006 1699 1212 1773 mandatum
1260 1724 1263 1731 ·

160 1795 234 1872 est:
263 1801 402 1872 nivem
425 1803 570 1890 omaso,
595 1803 635 1880 (5
652 1804 711 1898 foc
732 1806 865 1897 mnam,
898 1802 1039 1874 ratione
1068 1799 1211 1889 quidem
1294 1825 1296 1830 ·

160 1914 305 1991 eorum,
326 1918 455 1992 que-a
477 1904 620 1994 reliquie
647 1904 851 1978 hominibus
877 1913 1050 1998 aguntur,
1073 1901 1211 1972 bonum

160 1995 302 2071 secere:
334 2014 371 2071 at
395 1999 552 2094 tespeiin
576 2002 654 2075 veri
678 2005 800 2096 boni,
828 1998 1123 2096 quemadmodum
1144 2019 1211 2068 non

158 2096 382 2193 justificabitur
399 2103 437 2170 in
454 2098 613 2197 conspriirr
631 2105 696 2172 Dei
717 2110 818 2173 omnir
830 2110 969 2186 uiuam,
997 2119 1077 2170 eum
1093 2098 1213 2169 hume·

159 2215 201 2269 oa
225 2198 343 2272 omnis
366 2199 517 2290 justitia,
550 2198 682 2292 iustitie
710 2222 786 2276 non
813 2200 882 2276 eiie
905 2196 1213 2291 deprehendatur,

159 2293 352 2388 postquam.
362 2298 493 2388 justitia
511 2299 582 2374 Dei
603 2302 639 2373 in
655 2299 848 2394 conspeetu
864 2300 997 2385 fuerit3
1025 2298 1074 2370 ita
1090 2314 1217 2368 coram

160 2393 261 2468 bono
277 2395 359 2470 Deo
371 2398 504 2472 bonurn
518 2419 737 2492 nequaquam
754 2402 968 2493 appellatum
982 2398 1043 2478 iri,
1061 2396 1214 2484 quicum·

160 2492 389 2569 inferioribus
406 2512 655 2590 computatus,
671 2501 760 2573 boni
774 2520 907 2574 nomen
923 2493 1112 2574 meruisset.
1213 2545 1220 2580 ·.

235 2615 294 2669 11.
321 2594 379 2668 Ao
399 2597 653 2684 dicat·{ortaiie
679 2601 802 2691 aliquis
834 2595 1112 2694 cognoscentem
1135 2591 1220 2664 Ser·

162 2707 328 2770 retorem
351 2696 611 2793 -intetqogrntir
627 2696 861 2772 -effeiiionem
885 2702 918 2771 n
957 2697 1217 2785 uoluntatem,¹

161 2812 234 2884 quae
247 2796 399 2870 multum
414 2796 556 2887 aberat,
579 2812 622 2870 ut
643 2798 780 2872 bouum
793 2798 960 2882 omnein¹
975 2794 1128 2870 hominis
1149 2810 1217 2881 pn,-

160 2892 287 2966 testate
308 2895 460 2987 positum
481 2889 682 2987 prestaret,
708 2898 943 2992 interroganti
960 2895 1011 2966 ei:
1038 2894 1127 2986 Quid
1142 2889 1215 2960 ioni

156 2991 296 3085 fenam?
320 2990 534 3087 respondisse
551 3015 560 3066 t
587 2997 677 3089 Quid
692 3020 739 3066 rra
752 3001 928 3091 interrogor
943 2996 978 3065 se
993 2986 1097 3064 bono?
1122 3009 1163 3061 ac
1189 2983 1216 3060 fi

161 3091 327 3166 dixiiiet:
351 3092 398 3166 Iis
422 3093 597 3168 obeundis
629 3098 845 3188 preceptis,
870 3115 947 3188 quae
965 3092 1123 3166 debono
1148 3085 1215 3160 tibi
1284 3161 1287 3166 .

161 3194 316 3283 tradem,
341 3194 608 3285 haudquaquam
624 3209 788 3287 paratus,
816 3196 940 3286 queris
954 3190 1038 3284 quid
1054 3187 1142 3264 boni
1166 3185 1217 3258 fa·

161 3293 258 3366 ciens
272 3293 385 3364 vitam
399 3309 564 3367 aternam
580 3291 818 3385 consequeris.
856 3294 996 3368 Deinde
1011 3311 1117 3363 unum
1129 3305 1218 3358 vere

161 3391 298 3466 bonum
315 3389 384 3463 esse
400 3393 538 3484 docet,
565 3392 701 3484 dequo
724 3394 758 3465 id
775 3397 823 3468 ait
846 3394 923 3466 Lex
939 3414 963 3466 r·
983 3392 1072 3463 Audi
1094 3385 1214 3477 israel:
1245 3437 1252 3455 t

162 3495 319 3565 Dominus
334 3494 419 3563 Deus
435 3492 559 3587 noster,
588 3496 743 3562 Dominus
762 3518 844 3563 unus
867 3493 924 3590 est:
949 3488 1095 3582 proprie
1122 3488 1216 3560 enim

162 3590 337 3667 Servator
355 3591 415 3663 ille
438 3591 508 3683 est,
540 3591 687 3683 proprie
705 3589 904 3684 Dominus,
930 3589 965 3664 dt
989 3588 1136 3682 proprie
1149 3588 1216 3672 bo·¹

162 3712 256 3783 uus,
282 3711 302 3762 a
329 3710 402 3780 quo
429 3691 548 3765 omnia
567 3701 608 3761 ut
631 3692 728 3763 bona
757 3688 836 3764 fieri
865 3687 1060 3785 persuasum
1083 3688 1232 3759 haben..
1328 3729 1329 3734 κ

162 3791 313 3886 Quaeret
330 3810 375 3862 eu
496 3789 682 3881 quomodo
702 3791 902 3863 bonitatem
928 3788 1021 3861 illius
1037 3807 1079 3860 ea
1107 3785 1215 3857 etiam

161 3889 317 3982 spirent,
344 3909 421 3980 quae
500 3891 540 3961 iis
555 3890 698 3968 minime
715 3889 981 3984 intelliguntur,
1008 3887 1067 3977 qui
1098 3883 1216 3956 Deum

163 3989 270 4088 legis,
297 3989 516 4082 quantumin
528 3986 564 4062 se
576 3987 647 4084 est,
672 3989 955 4085 calumniantur,
977 4003 1131 4073 eumque
1143 3982 1222 4050 hue

686 4086 726 4166 N
758 4110 778 4189 3
941 4115 945 4124 ·
1068 4077 1190 4155 usmit-
