2800 4567
250 283 261 298 ⁸
328 278 391 356 ΙΝ
414 265 783 382 MATTHAEUM
820 279 940 360 Tou.
968 281 1057 359 XV.
1160 288 1228 402 adr

166 454 361 534 peccatum
379 463 448 515 nec
471 444 506 514 in
523 441 684 535 prasenti
708 442 835 517 saeculo
858 444 1083 535 remittatur,
1109 462 1228 535 neque

166 541 206 613 in
224 541 361 616 futuro.
413 545 502 642 Quis
522 563 607 638 ergo
624 544 666 614 ad
683 543 856 633 ejusmodi
878 543 974 631 dies,
999 540 1057 614 sex
1072 544 1164 622 dies,
1192 544 1226 614 dt

164 637 354 733 septimum
371 639 632 713 resurrediionis
647 642 738 714 diem
759 643 896 715 referre
915 646 1068 735 poterit,
1095 640 1228 734 &post

163 739 309 812 sabbata
333 745 562 830 neomenias,
593 743 752 832 &primi
778 743 902 814 mensis
925 741 1157 832 festivitates,
1191 741 1225 813 ἃ

166 840 266 929 quod
288 838 572 928 decimoquarto
595 840 720 912 mensis
740 841 820 923 die,
847 841 1062 929 reliquisque
1081 861 1224 933 azymo·

166 958 246 1009 rum
258 937 382 1010 diebus
398 938 759 1034 paschacelebratur?
786 940 1224 1031 Reliquasitemfestisita·

167 1037 1224 1134 tesinejusmodidiebusparisationefingensquispiammec

165 1155 243 1209 non
253 1135 288 1206 o
298 1137 594 1212 hebdomadicum
604 1159 745 1222 annum,
760 1140 796 1210 in
806 1159 878 1228 quo
889 1141 1007 1232 egenis
1019 1140 1051 1210 o
1063 1139 1223 1218 aduenis,

166 1233 327 1308 &bestiis
337 1250 440 1308 terra
451 1238 493 1310 ad
509 1251 647 1329 tempus
663 1238 801 1310 cultura
813 1243 974 1310 vacantis
986 1260 1030 1310 ex
1040 1240 1157 1328 priore
1167 1259 1222 1334 ag·

163 1336 381 1408 ricolatioue
396 1337 654 1428 provenientes
671 1335 802 1410 faustus
821 1339 967 1432 largitur
982 1335 1144 1427 Deus,·in
1160 1357 1221 1407 co-

162 1434 377 1530 gitationum
391 1436 598 1531 voraginem
615 1438 846 1510 devolvetur.
884 1437 975 1530 Quis
991 1457 1082 1507 vero
1100 1457 1220 1508 narme-

163 1553 245 1606 rum
263 1531 418 1632 dierum,
445 1537 561 1624 quiin
582 1534 680 1628 spatii
699 1536 951 1630 quinquaginta
969 1555 1141 1608 annorum
1160 1557 1220 1627 pe-

161 1631 245 1725 lago
273 1632 499 1716 continetur,
530 1648 651 1706 mente
677 1635 844 1724 consequi
872 1637 1011 1723 valeat,
1045 1632 1218 1727 (pelagus

161 1731 268 1819 dien,
294 1745 444 1824 propter
461 1731 712 1807 sententiarum
731 1733 1032 1830 profunditatem)
1058 1751 1098 1804 ut
1120 1735 1219 1821 quin·

162 1830 400 1924 quagesimum
416 1851 564 1924 annum,
590 1854 737 1924 quaeque
755 1835 791 1905 in
813 1853 858 1905 eo
874 1829 947 1905 fieri
968 1831 1136 1905 sancitum
1153 1830 1217 1924 est,

145 1929 284 2002 animo
306 1929 451 2002 evetius
477 1933 658 2020 completa
680 1930 899 2027 cognoscat?
948 1933 1084 2004 Verum
1111 1932 1219 2003 enim·

165 2049 279 2109 vero,
297 2029 378 2102 dum
394 2050 499 2104 unam
520 2029 711 2125 propositae
729 2033 905 2121 parabole
920 2031 1011 2104 diem
1032 2029 1219 2124 investiga·

163 2149 262 2218 mus,
289 2149 436 2218 eamque
457 2143 575 2201 toturn
596 2131 670 2202 hoc
690 2127 760 2202 effe
777 2130 937 2202 saeculum
955 2129 1103 2222 praesens
1128 2131 1219 2202 arbi·

161 2243 317 2318 tramur,
344 2228 380 2300 in
406 2228 476 2302 Dei
502 2228 764 2320 profunditates
789 2249 857 2302 nec
880 2229 978 2320 opini
1005 2228 1218 2315 decidimus,

164 2348 259 2421 opus
282 2328 456 2400 habentes
476 2327 616 2424 spiritu,
641 2335 697 2426 qui
713 2338 820 2400 emnia
827 2329 1012 2418 scrutatur,
1038 2332 1130 2399 etium
1148 2347 1220 2420 pro·

156 2425 265 2522 funda
283 2431 356 2498 Dei.
388 2425 469 2522 Ego
489 2449 579 2500 vero
594 2427 769 2514 existimo,
785 2428 1081 2519 quemadmodum
1097 2427 1132 2498 in
1148 2425 1220 2500 fine

163 2524 440 2598 consumationis
455 2528 535 2640 apni
551 2528 707 2618 quaedam
724 2529 936 2623 contingere
948 2527 1078 2599 debere
1090 2523 1219 2600 dictum

162 2625 235 2714 est3
257 2628 305 2700 ita
324 2640 490 2714 tanquam
507 2627 541 2698 in
557 2628 707 2719 plurium
724 2626 930 2700 saeculorum
946 2624 1220 2699 consummatio·

162 2726 333 2815 ne,'s1ve
354 2742 483 2798 annum
506 2728 678 2817 aliquem,
703 2725 778 2799 sive
803 2727 978 2816 quidpiam
1004 2725 1096 2798 aliud
1123 2744 1221 2800 com·

162 2826 360 2918 plentiu'm,
386 2825 678 2915 addeflrufdwnem
694 2832 810 2920 peccari
826 2824 997 2919 apparuisse
1018 2822 1132 2916 Jesum
1152 2842 1221 2894 110·

160 2923 290 3014 strum,
316 2939 357 2995 ut
373 2911 674 3015 poss-secutorum
690 2941 854 3015 tanquam
875 2924 1010 2995 dierum
1033 2924 1112 2992 anni
1132 2941 1220 2994 con·

160 3022 453 3115 summationem,
480 3025 573 3096 aliud
596 3022 713 3096 rursus
739 3022 903 3097 succedat
927 3021 1157 3115 principium,
1185 3018 1220 3092 dt

160 3125 300 3221 oflendat
322 3121 422 3194 Deus
447 3126 484 3192 in
499 3124 614 3209 sacculis
632 3122 932 3222 supervenientibus
953 3121 1148 3190 abundanter
1172 3121 1220 3190 dt·
1254 3126 1256 3130 ’

159 3229 265 3296 vitias
281 3222 432 3294 bonitatis
440 3222 522 3310 sua,
549 3224 675 3311 quibus
691 3243 748 3295 eas
764 3221 999 3316 ostendendas
1016 3217 1083 3291 esse
1100 3221 1218 3293 novit.

159 3325 285 3414 Atque
296 3322 370 3394 haec
388 3335 538 3414 psopter
555 3319 874 3396 commemoratum
887 3321 924 3392 in
940 3319 1108 3412 parabola
1126 3319 1219 3389 diem

159 3419 253 3496 diua
275 3420 363 3511 sant,
396 3424 602 3510 quodetiam
629 3419 843 3496 confirmare
870 3437 976 3516 potes
1001 3440 1046 3492 ex
1069 3416 1218 3509 epistola

158 3519 309 3617 Joannis
337 3519 505 3594 dicentis:
546 3523 675 3608 Fiunt,
699 3519 869 3613 navifflma
890 3522 966 3589 hora
987 3521 1049 3610 eli:
1081 3516 1118 3593 (5
1134 3517 1218 3618 ficut

159 3621 306 3714 audistis,
331 3625 408 3717 quia
424 3621 643 3719 Antichristus
660 3627 773 3708 venit,
797 3645 883 3689 uunc
906 3618 1100 3713 Antichrifli
1121 3617 1219 3685 musti

154 3720 246 3816 sotii
256 3720 353 3811 sunt,
380 3720 462 3789 unde
479 3722 609 3812 scimus,
635 3726 712 3817 quia
731 3717 902 3809 noviffima
921 3721 998 3787 hora
1014 3719 1064 3813 efl.
1114 3715 1218 3790 Hora

157 3821 254 3894 enim
268 3816 452 3892 noviffima
465 3818 685 3906 undecimam
700 3820 891 3911 proposita
899 3818 1077 3910 parabolae
1091 3816 1218 3886 horam

159 3919 320 4016 excipit,
345 3917 513 4010 quoniam
534 3920 845 4096 paraippiaeuomo
864 3915 1218 4083 paterfamiliapdpirra

608 4041 611 4046 .
689 4041 709 4116 3
1029 4057 1032 4068 Ι
1072 4037 1094 4085 α
1154 4039 1177 4070 .-
