2800 4567
227 384 231 397 s
312 310 376 393 tn
398 264 775 401 urrunnun
805 286 925 399 ron.
949 314 1087 396 xvu.
1150 331 1221 417 aaa

161 479 242 558 rum
268 499 451 574 corpora,
490 488 572 564 teliu
593 488 776 567 evadant,
819 486 934 577 qualia
961 483 1040 557 sunt
1066 496 1223 577 corpora

160 583 390 676 Angelorum
409 586 552 660 etheria
570 586 727 677 scilicet,
761 588 830 659 dri
850 584 999 657 lendidae
1020 585 1091 658 luci
1109 583 1222 683 confi-

160 684 271 762 milia.
321 679 464 777 Dogma
491 700 607 778 autem
628 684 783 766 fidelium
803 610 1058 779 pictorumque
1083 684 1221 776 animos

157 785 331 855 novitate
356 778 416 854 sua
442 779 642 875 percellens
667 789 726 859 hic
755 787 878 878 aliquis
906 784 1139 876 expenderit,
1176 779 1224 857 ex‘

160 880 240 954 aliie
267 863 413 954 fortaiie
431 888 674 979 compluribus
701 890 816 978 locis,
851 883 909 959 sed
936 904 981 957 ex
1009 884 1074 955 illo
1097 896 1221 972 certe,
1278 909 1281 916 ·

160 996 267 1071 quem
300 980 487 1059 tradamus
529 987 711 1061 dubitandi
746 1001 886 1077 arrepta
921 983 1140 1063 occaslone,
1173 1002 1220 1054 an

162 1080 461 1186 quemadmodum
482 1087 540 1177 qui
559 1110 579 1158 a
595 1088 746 1162 mortuis
763 1085 969 1180 resurgunt,
997 1084 1128 1174 augelis
1140 1084 1221 1156 coeli

158 1181 289 1258 ssmiles
307 1176 419 1278 fiunt,
447 1185 542 1260 &ex
554 1189 761 1269 hominibus¹
775 1191 811 1260 in
830 1186 991 1262 ordinem
1012 1184 1221 1277 angelorum

159 1281 337 1378 migrant,
362 1286 412 1358 ita
429 1284 461 1357 ἃ
481 1287 559 1378 aiii,
586 1288 700 1379 quiin
719 1290 810 1372 caelo
831 1286 966 1380 degunt
976 1285 1112 1377 angeli,
1140 1301 1223 1353 cum

161 1378 251 1449 oiim
267 1376 401 1458 fuerint
417 1386 602 1477 homines,
629 1386 713 1461 &in
733 1390 890 1463 humano
908 1401 1065 1476 corpore
1081 1382 1222 1477 egregie
1284 1448 1288 1463 ,

161 1478 452 1574 decertaverint,
478 1488 594 1581 angeli
605 1487 646 1559 ,in
665 1489 758 1561 coeio
776 1485 868 1561 haud
883 1483 981 1556 secus
1002 1503 1043 1553 ac
1060 1484 1137 1571 alii,
1158 1502 1219 1552 an·

158 1592 200 1647 te
221 1575 260 1648 se
279 1583 466 1661 evaserint.
519 1588 593 1678 Qui
611 1602 730 1661 autern
756 1606 893 1660 novam
918 1588 1054 1657 hancce
1074 1583 1220 1675 opinio·

159 1696 268 1768 uem,
294 1685 356 1755 vel
375 1707 417 1757 ex
434 1682 596 1775 presenti
612 1688 730 1778 lucu,
756 1685 905 1764 fortailis
925 1682 960 1759 dt
978 1682 1118 1756 aliunde
1138 1702 1221 1754 exa·
1308 1749 1310 1756 .

159 1793 300 1860 minure*
316 1786 504 1876 voluerit,
538 1785 737 1861 universam
763 1789 992 1878 scripturam,
1029 1801 1220 1871 rerumque

135 1887 430 1960 ,connexionem
451 1899 589 1960 attente
616 1889 882 1963 consideratae
908 1881 1090 1977 dispiciat,
1123 1880 1228 1971 quid.

159 1997 231 2069 que
250 2000 294 2051 ex
313 1987 366 2057 hie
384 1985 567 2078 impositis
580 1986 841 2079 consequatur,
869 1983 1068 2077 expendat,
1094 1980 1219 2071 irejus·

158 2074 261 2151 modi
285 2082 445 2156 dodrina
466 2083 682 2161 admittenda
699 2087 773 2177 est,
800 2108 845 2161 ex
865 2105 934 2174 qua
953 2106 994 2157 ea
1014 2080 1218 2177 profluant,
1244 2116 1249 2126 ·

159 2194 241 2267 quae
262 2200 306 2255 ex
324 2184 501 2257 hocloco
518 2185 701 2261 manifesta
722 2187 825 2261 sunt:
847 2186 979 2280 Angelos
996 2184 1244 2280 judicabimus„

158 2293 308 2359 necnon
333 2305 379 2361 ex
412 2283 498 2356 illo:
536 2286 576 2357 ln
606 2311 673 2384 qua
704 2289 877 2387 dcfidrrunt
909 2285 1012 2377 angeli
1038 2281 1232 2379 prospicere,

160 2378 277 2475 Quod
306 2382 332 2460 st
359 2387 436 2476 quis
455 2383 553 2482 Judae
574 2405 721 2479 quoque
740 2386 924 2481 epistulam
946 2383 1132 2470 admittat,
1167 2380 1219 2456 vi·

161 2477 246 2554 dent
270 2483 354 2576 quid
379 2503 425 2556 ex
442 2487 509 2558 hac
528 2482 693 2578 se‘quatur
716 2486 900 2581 dodisma,
935 2499 1086 2582 propter
1113 2480 1222 2554 illud:

159 2578 298 2672 Angelos
313 2607 410 2675 uero,
435 2592 491 2679 qut'
505 2609 571 2657 uon
588 2590 795 2674 servaverunt
807 2592 900 2679 suum
913 2592 1152 2684 principatum,
1171 2579 1223 2667 [ed

158 2680 397 2781 dereliquerunt
410 2685 499 2771 suum
509 2690 715 2768 domicilium,
740 2692 937 2782 injudirium
953 2687 1129 2778 magnidici
1143 2686 1223 2750 uin«
1289 2727 1293 2746 2
1322 2754 1324 2758 ,

160 2779 244 2870 cutir
264 2790 392 2855 cremis
409 2781 464 2872 [ub
479 2787 807 2881 caliginereseruauir.
861 2791 934 2885 Qui
956 2800 1047 2857 vero
1064 2804 1121 2854 res
1133 2780 1224 2872 ejus·
1324 2832 1329 2848 ,

160 2871 264 2956 modi
283 2883 472 2975 disquirere
490 2882 600 2962 fuerit
619 2884 742 2981 ausus,
777 2889 921 2979 videar,
959 2881 1147 2976 quomodo
1172 2881 1224 2953 in-

160 2980 357 3080 teliigenda
375 2982 464 3078 snt,
490 3007 566 3082 quae
577 2986 705 3085 scripta
724 3002 848 3065 extant
864 2991 902 3065 iu
921 2984 1070 3063 Gener:
1103 2980 1223 3053 Viden·
1246 3017 1253 3068 ‚

162 3094 210 3153 Μ
229 3106 357 3179 nempe
373 3086 455 3173 filius
475 3090 538 3160 Dei
548 3090 639 3184 salias
658 3090 836 3177 homiuum,
862 3090 938 3187 quod
956 3082 1051 3181 effem
1064 3081 1249 3179 putenm

161 3184 303 3278 accepiffe
316 3187 376 3290 fibi
399 3211 510 3257 uxores
533 3214 571 3257 ex
597 3191 758 3273 dumibus,
790 3216 866 3286 quus
886 3191 1053 3282 elegeraut.
1110 3179 1222 3274 Tales

162 3287 284 3360 autern
296 3286 538 3359 dubitationes
550 3306 672 3379 aperte
683 3310 912 3383 proponere,
934 3289 1250 3372 earumqueconif

161 3377 382 3466 sequentiam
400 3384 591 3482 dispicere,
625 3405 875 3481 tantarumque
893 3408 1011 3459 rerum
1030 3379 1225 3481 expuitio-

163 3499 248 3559 nem
269 3489 399 3559 chartae
419 3482 677 3583 committere,
704 3510 828 3583 parum
847 3486 993 3561 fortasse
1011 3494 1130 3559 tutum
1146 3479 1223 3554 fue·

163 3585 234 3657 rit:
259 3589 301 3657 iis
322 3589 437 3674 enim,
464 3581 621 3679 quaejam
637 3612 656 3661 a
672 3592 779 3663 nobis
796 3587 885 3662 didia
901 3586 1003 3679 sunt,
1024 3580 1222 3678 periculum
1295 3681 1297 3683 v
1327 3617 1329 3623 ·

159 3685 334 3776 -haddenus
354 3682 468 3759 adiisse
485 3684 621 3761 sufficit.

246 3810 303 3880 31.
333 3786 521 3877 Postquam
551 3802 668 3861 autern
694 3788 781 3882 legis
810 3787 932 3860 locum
952 3789 973 3858 e'
992 3784 1225 3859 Deuterono-

164 3889 366 3972 miusemel
385 3889 618 3986 protulimus,
644 3887 749 3981 ipsrus
762 3907 906 3977 quoque
925 3887 1135 3977 investigare
1153 3877 1227 3948 sen·

166 3994 319 4069 tentiam
337 4006 412 4064 non
431 3986 821 4167 intempestivtffrhfore
843 3987 1009 4065 arbitror.
1038 3986 1225 4079 *Quanam

769 4106 790 4183 ς
1096 4098 1189 4170 etqua
