2800 4567
321 286 384 370 tu
408 279 782 396 mnu-runnu
814 227 937 372 'rom
961 262 1070 371 διν.Ι
1137 291 1223 389 255

160 471 248 541 toto
269 456 328 532 die
346 455 451 530 otioir
464 453 659 548 steterunt,
686 454 950 543 excusationem
968 454 1092 547 uliquis
1108 469 1225 532 atten-

161 560 248 648 dat,
277 559 407 664 quique
433 576 497 647 per
521 568 640 628 totum
664 555 756 628 diem
780 554 889 629 standi
915 558 1073 628 tolerato
1094 559 1226 643 labore

163 653 393 731 confidenter
413 656 598 736 dixerunt,
625 652 659 727 sc
681 659 826 746 paratos
849 654 990 743 quidem
1009 656 1052 727 ad
1072 676 1224 749 operan-

162 759 269 849 dum,
297 779 317 829 a
341 757 443 828 nullo
467 769 584 827 autem
611 752 711 826 fuille
734 752 954 842 conductum
989 755 1081 845 quast
1101 776 1224 852 opera

163 857 306 951 quidem
321 856 479 948 plurimae
497 849 648 940 fuerint3
675 852 915 926 condudiores
932 873 1007 927 non
1024 857 1122 927 item.

243 980 299 1051 29.
326 957 457 1045 Neque
476 971 568 1026 vero
588 955 813 1049 negligenter
830 953 916 1026 illud
940 955 1138 1029 notandum
1154 949 1223 1032 est:

165 1058 245 1130 cam
265 1058 335 1143 sero
364 1053 494 1148 jaddum
519 1048 607 1145 effer,
639 1054 749 1145 drxrffi
773 1054 930 1124 dominum
954 1063 1056 1125 vinea
1076 1076 1225 1151 procuro·

163 1163 230 1231 tori
250 1154 321 1242 suo:
367 1156 451 1228 Vocc
474 1159 647 1250 cpcrarr'om
680 1162 720 1229 (5
743 1154 832 1224 redde
855 1154 1037 1236 mercedem,
1068 1160 1226 1253 incipiens

160 1248 388 1345 nnovrfflmir
414 1255 567 1349 usquead
589 1260 718 1351 primos.
768 1249 863 1327 Nam
889 1272 957 1344 qua
979 1275 1019 1327 re
1033 1270 1222 1347 permotus

159 1357 279 1431 uineae
304 1351 468 1440 dominus
487 1351 713 1444 procuratori
725 1348 838 1444 juffit,
864 1364 906 1425 ut
924 1369 1075 1428 vocaret
1095 1373 1223 1447 opera·

159 1457 260 1545 rios,
292 1453 328 1552 ¹&
350 1447 548 1527 mercedem
572 1450 623 1526 eis
644 1451 836 1546 redderet,
868 1453 974 1525 initio
996 1474 1015 1524 a
1034 1453 1224 1547 postremis

159 1549 280 1645 fano,
307 1566 413 1644 atquc
437 1553 487 1625 ita
510 1549 556 1625 ad
582 1553 717 1645 primos
736 1548 845 1643 usque
869 1554 1154 1647 progrediend03
1180 1568 1224 1630 ut

158 1655 303 1752 priores
325 1651 466 1746 quidem
487 1651 688 1725 mercedem
710 1654 933 1744 reciperent,
968 1652 1026 1744 qui
1048 1649 1137 1726 hora
1157 1673 1225 1727 un·

162 1755 321 1838 decima,
353 1751 515 1842 secundi,
542 1753 599 1842 qul
624 1769 743 1844 nona,
769 1752 887 1834 tertii,
913 1748 1113 1842 quisenta,
1140 1748 1225 1845 post

158 1850 244 1927 illos
264 1847 412 1944 deinde,
441 1850 642 1944 quinum,
668 1844 880 1943 &postremi
892 1850 1114 1941 tandemqui
1133 1852 1224 1925 sum·

162 1959 227 2027 mo
244 1970 347 2025 mane
366 1944 510 2024 fuerant
527 1946 721 2023 condudlii
745 1949 781 2021 id
804 1953 897 2025 enim
917 1952 977 2022 vel
996 1950 1078 2023 inde
1092 1952 1224 2042 liquet:

162 2052 268 2127 Redde
292 2052 472 2141 mercedem,
499 2054 651 2144 incipiens
674 2075 693 2119 a
714 2048 900 2140 noviffimr'o
918 2054 1013 2147 usqae
1034 2053 1074 2119 ad
1092 2058 1225 2147 primos.

163 2152 336 2249 Quisnam
358 2161 449 2221 vero
465 2148 594 2240 preter
613 2141 724 2241 ipsum
744 2151 858 2222 vinee
875 2150 1071 2239 dominum,
1087 2148 1225 2224 domini
1320 2147 1323 2153 ’

160 2263 379 2345 procurator
397 2249 456 2321 iile
474 2245 545 2338 est,
572 2252 631 2339 qui
651 2249 850 2323 mercedem
869 2269 913 2320 ex
931 2249 1066 2321 domini
1082 2250 1226 2323 manda·

162 2364 205 2423 to
227 2348 381 2441 pendit?
431 2348 500 2419 Sed
522 2348 543 2420 ir
565 2345 633 2419 diei
651 2349 794 2440 pondua
815 2345 983 2421 &astum
1003 2364 1080 2421 non
1100 2360 1224 2442 porta·

162 2445 317 2533 iterant,
342 2448 401 2539 qui
419 2449 507 2520 hora
526 2463 622 2519 nona
641 2449 799 2522 accersiti
818 2447 918 2538 sunt,
943 2466 1011 2521 nec
1025 2449 1107 2520 illos
1124 2461 1226 2537 certe

164 2548 332 2621 adversus
360 2541 644 2639 patremfamilias
666 2543 893 2620 murmurasse
914 2543 1225 2644 perspicuumest,

164 2648 343 2723 dicentes:
373 2652 421 2718 Hi
445 2645 605 2736 novffmi
630 2670 695 2718 unc
719 2646 984 2738 hereseorum,
1010 2647 1048 2723 (9
1073 2667 1165 2743 pam
1182 2649 1225 2721 tl·

162 2745 208 2820 ios
232 2747 320 2845 nobis
339 2741 472 2843 fecisti,
509 2750 567 2841 qui
588 2751 788 2841 portavimus
808 2748 926 2842 pondus
951 2750 1015 2819 diei
1038 2746 1077 2822 (5
1101 2747 1225 2843 aestum

160 2864 281 2939 neque
298 2861 410 2939 porro
431 2844 573 2938 pondus
591 2845 660 2916 diei
678 2860 949 2938 portaverunt,·
964 2846 1025 2936 qui
1043 2841 1139 2920 sexta
1156 2846 1225 2921 ho·

162 2961 202 3020 ra
223 2946 329 3042 adciti
345 2939 511 3035 sunt‚nisr
530 2937 676 3017 fortass‘e
691 2957 828 3039 partem
848 2944 917 3016 dici
936 2944 1130 3018 dimidiam:
1155 2962 1226 3019 nec

162 3044 266 3131 item,
293 3044 353 3136 qui
379 3045 471 3117 hora
492 3044 598 3116 tertia
622 3037 701 3117 sunt
726 3038 919 3135 advocati,
944 3044 1087 3137 pondus
1109 3046 1224 3119 totius

163 3143 233 3220 diei
252 3158 505 3236 portaverunt,
521 3139 581 3215 led
601 3137 671 3215 diei
690 3137 857 3217 semiffem
872 3142 1122 3217 tantummodo
1140 3161 1223 3228 cunr

163 3245 378 3338 quadrante,
403 3244 554 3316 simodo
573 3257 630 3314 res
649 3254 816 3315 accurate
834 3239 1044 3335 explicanda
1059 3237 1132 3333 est;
1160 3261 1225 3317 ve·

161 3337 240 3419 rum
257 3338 281 3415 ii
297 3344 490 3432 duntaxat,
517 3335 575 3432 qui
591 3337 830 3415 dilucescente
843 3344 994 3435 primum
1012 3343 1067 3423 die
1085 3337 1226 3430 condus

161 3443 207 3518 cli
226 3437 329 3545 sunt,
357 3440 425 3514 diei
450 3443 591 3534 pondus
616 3440 648 3511 tr
669 3438 789 3514 aestum
810 3458 1070 3533 portaverunt;
1103 3461 1144 3514 ac
1164 3425 1225 3516 ddi

162 3559 237 3617 tum
254 3539 414 3634 quidem,
433 3536 648 3631 oursummo
663 3558 765 3614 mane
783 3533 863 3613 sunt
882 3537 1068 3630 condudii3
1095 3537 1224 3633 reliqui
1320 3606 1323 3612 .

163 3655 306 3733 autem,
332 3658 460 3734 praeter
478 3640 645 3731 ultimos,
671 3657 740 3735 pro
761 3643 933 3734 temporis
957 3642 1119 3736 ratione,
1147 3657 1222 3735 quo

164 3759 258 3838 opus
279 3743 315 3814 in
336 3738 442 3811 vinea
457 3733 634 3813 fecerunt.
1073 3826 1075 3831 Ι

235 3859 298 3934 30.
331 3837 513 3938 Quoniam
542 3851 661 3910 cutem
689 3831 727 3909 in
756 3834 864 3909 variis
883 3835 1073 3931 parabolis
1103 3834 1219 3910 vinee

160 3942 303 4016 mentio
319 3939 500 4033 injicitur,
529 3954 574 4013 cn
600 3937 646 4011 ad
663 3932 818 4011 diversae
838 3955 896 4011 rea
915 3931 1155 4104 dignificandaxs
1179 3938 1221 4011 ii·

1082 4037 1182 4132 {plu-
