2800 4567
266 302 348 381 uu
370 264 741 379 urrunnun
777 292 900 369 non.
925 287 1060 367 xvrr.
1118 293 1192 383 4⁶3

131 431 232 545 tuale
250 468 288 542 in
309 467 377 542 hac
398 462 521 538 eadem
544 459 855 551 contemplatione
872 453 1104 544 continetur,
1129 466 1195 543 per
1278 441 1288 482 ³

131 568 284 647 madata
298 567 426 652 altilia3
454 564 556 635 aliam
580 574 699 633 autern
722 559 954 642 varietatem,
981 552 1197 647 spiritualem

123 690 265 761 ‘nempe
281 663 645 756 contemplationem,
672 679 750 750 quaa
771 678 839 752 pro
858 676 976 729 rerum
996 670 1196 745 corporea·
1303 725 1309 732 ,

132 789 214 842 rum
231 770 371 839 ratione
385 762 511 855 fit‚per
527 763 603 836 haec
624 760 755 831 verba:
783 760 947 830 anmnio
960 774 1097 853 parata.-
1121 753 1195 824 tale

130 866 302 959 nquidem
321 864 514 957 prandium
542 882 607 934 rex
629 860 745 952 copiis
773 858 970 947 omnibus,
995 858 1049 929 uti
1070 872 1194 949 regem

132 970 264 1059 decet,
290 964 436 1038 affluens
450 960 602 1053 instruit,
612 979 681 1053 pro
698 958 795 1055 regia
808 958 867 1030 sua
882 957 1054 1053 dignitate
1069 955 1102 1029 dr
1118 952 1197 1046 opi·

132 1070 214 1141 bus.
266 1064 367 1137 Prior
388 1079 487 1146 certe
505 1053 548 1133 ad
563 1061 706 1153 nuptias
724 1059 908 1148 invitatio,
925 1058 968 1130 ad
986 1055 1195 1130 lsraeliticas

132 1165 301 1258 quasdam
319 1161 564 1260 generosiores
581 1160 712 1233 animas
736 1158 821 1232 mihi
841 1158 986 1230 videtur
1001 1160 1195 1252 pertinere

133 1266 209 1364 Qui
230 1266 322 1337 enirn
338 1260 587 1356 perspicaciori
604 1260 745 1353 pollent
762 1257 930 1353 ingenio,
956 1279 1020 1332 eos
1042 1277 1062 1330 a
1084 1278 1198 1332 vooaa

133 1365 276 1437 toribus
292 1383 357 1459 per
375 1360 564 1454 discipline
580 1361 693 1431 verba
713 1358 755 1430 ad
776 1360 920 1431 beatum
943 1359 1030 1432 illud
1048 1362 1195 1453 epulum

132 1484 207 1558 pre
225 1463 370 1553 reliquis
391 1460 580 1534 accerfitos
599 1459 679 1531 vult
699 1458 799 1531 Deus
819 1458 963 1533 venire:
988 1460 1057 1533 hos
1075 1473 1196 1535 autern

133 1563 262 1637 videre
286 1563 373 1634 licet
398 1561 588 1634 vocationi
614 1553 765 1635 ¹minime
796 1554 1035 1650 obsequenter
1066 1562 1197 1634 venire

134 1664 257 1754 nolle,
283 1661 389 1735 &alii
403 1675 599 1754 propterea
612 1660 804 1731 mittuntur
820 1656 912 1731 servi
926 1680 991 1731 eos
1009 1660 1199 1735 accersrtu·

135 1765 186 1854 ri,
214 1761 271 1854 qui
294 1761 421 1835 venire
445 1756 628 1848 recusant,
655 1757 904 1850 &promissori
924 1758 1105 1852 sutorum,
1132 1775 1197 1854 ut,

104 1877 107 1884 ·
134 1863 161 1936 li
183 1861 326 1936 invitati
347 1862 535 1947 venerint,
567 1858 680 1954 parati
705 1878 725 1930 a
743 1878 827 1956 rege
848 1860 984 1952 prandii
1003 1862 1197 1954 participea'

133 1958 243 2052 fiant,
265 1980 425 2033 necnon
445 1957 703 2050 decanorum,
730 1960 790 2050 qui
802 1959 896 2032 inter
910 1962 1041 2035 munda
1056 1962 1199 2037 mundio

136 2062 303 2135 omnibus
318 2061 471 2151 majores
485 2057 618 2138 sunu&
634 2057 738 2131 vario
755 2078 797 2130 ac
811 2060 998 2153 multiplici
1013 2079 1199 2157 argumen-

136 2176 178 2234 to
195 2159 427 2256 saginaturum
449 2156 552 2252 super
569 2177 782 2248 unaquaque
797 2157 991 2247 questione
1006 2162 1200 2258 cogitatio·¹

135 2282 241 2348 nurn3
268 2280 349 2333 nam
368 2257 462 2351 quasr
479 2257 692 2355 saginatum,
721 2258 780 2331 vel
793 2256 993 2351 dissectum,
1020 2264 1199 2354 quiquein
1255 2292 1257 2296 ·
1301 2289 1308 2316 -·

134 2362 345 2455 tropologia
359 2358 529 2433 mallatus
549 2358 699 2448 dicitur,
727 2354 925 2456 sermonem
939 2362 1128 2455 proponit,
1138 2363 1200 2453 qul

133 2461 238 2553 super
255 2457 439 2554 proposita
455 2457 650 2550 questione
665 2457 853 2552 multiplex
867 2455 1008 2550 profert
1017 2463 1064 2534 'ac
1080 2462 1200 2555 persc-

137 2559 231 2633 cluna
243 2573 509 2654 argumentum:
535 2554 1030 2648 quemadmodumfisublesta
1041 2564 1201 2652 quaedam

136 2659 171 2732 u
188 2655 326 2732 infirma
341 2658 537 2752 probandis
551 2653 803 2747 questionibus
820 2656 976 2752 proferri
992 2676 1202 2756 argumenta

137 2755 329 2855 fingamus,
356 2757 484 2849 quibus
501 2778 555 2830 eae
567 2755 687 2830 valide
700 2752 903 2832 confirmari
920 2759 1131 2854 videantur,
1148 2776 1201 2835 te·

134 2861 222 2944 noia
238 2850 319 2930 fast
336 2853 415 2929 stunt
433 2877 474 2928 ac
489 2857 615 2935 exilia,
641 2853 674 2926 dr
697 2869 740 2927 ut
763 2858 1028 2930 convenienter
1043 2861 1121 2932 lroec
1139 2881 1200 2955 ap·

134 2959 290 3053 pellem,
315 2957 504 3030 macilenta
525 2975 567 3029 ac
587 2952 751 3049 strigoso,
777 2952 1021 3047 qua-matuta
1037 2957 1135 3034 lunt:
1162 2971 1201 3036 at·

133 3078 215 3132 non
233 3056 408 3148 ejusmodi
424 3057 524 3147 sunt,
551 3074 629 3149 quae
642 3055 678 3128 in
694 3055 786 3151 regia
803 3057 955 3151 prandio
974 3049 1123 3137 fuerunt
1138 3079 1200 3155 pa-

131 3164 239 3250 rata,
264 3159 301 3229 in
320 3174 394 3246 quo
413 3157 548 3248 inquit:
584 3148 687 3227 Uari
708 3159 787 3242 urei,
812 3152 852 3231 ds
868 3159 976 3230 allilia
992 3159 1084 3246 occisa
1095 3159 1200 3254 sent,

133 3266 175 3333 σ
193 3261 299 3327 omnia
316 3256 439 3329 itidem
454 3271 589 3351 perora,
614 3268 656 3327 ut
679 3252 851 3330 stantibus
876 3260 1015 3356 puerit,
1040 3258 1074 3332 dr
1098 3261 1201 3335 mini·

127 3354 325 3430 ‘litantibus
343 3353 579 3448 spiritualibus
590 3354 793 3448 pincernis,
819 3356 1088 3449 eapotillunum
1102 3355 1201 3434 ordi·

132 3477 183 3530 ne
201 3453 346 3528 servato
361 3453 514 3547 prandio
527 3451 658 3529 inserat
673 3452 826 3528 famulus
840 3458 1098 3553 unusquisque,
1119 3477 1199 3552 qua

88 3609 92 3618 -
131 3553 330 3630 ministrare
345 3554 480 3629 didicit.
529 3553 717 3632 Secundoa
734 3555 924 3648 autern,ita
939 3570 980 3630 ut
995 3560 1082 3651 dixi,
1095 3557 1213 3653 Juxta.

133 3654 343 3753 parabolam
360 3652 576 3747 adhortans,
602 3653 639 3725 id
658 3656 724 3726 ait:
753 3655 829 3725 Eece
842 3658 1015 3753 prandium
1032 3685 1133 3730 meum
1141 3679 1201 3755 pa·

137 3761 233 3833 ravi,
258 3758 347 3825 tauri
366 3759 444 3840 mci,
470 3754 508 3832 6
525 3754 640 3830 ostilio
652 3754 863 3852 malo-sunl,
888 3756 927 3836 (ἵ
944 3761 1050 3833 omnio
1061 3773 1200 3858 parator

132 3858 245 3927 verriu
262 3856 303 3926 ad
319 3858 463 3951 nuptias.
1185 3885 1187 3892 ·

1094 4001 1204 4146 a!
