2800 4567
291 269 365 348 ‘IN
387 255 762 348 MATTHAEUM
797 265 1076 351 Ton.x1v.-
1138 279 1249 376 125(

136 454 297 527 cumque
319 433 357 508 in
373 434 441 506 illis
454 429 762 531 fignificabantur,
788 432 880 506 &ea
903 428 990 505 effet
1005 433 1126 509 talium
1146 457 1207 532 pa·
1296 515 1298 520 ,

135 539 347 626 tabularum
359 533 493 609 solutio
510 534 543 606 dt
561 533 770 625 expositio,
795 546 836 605 ut
854 532 994 624 libros,
1022 536 1081 626 qui
1100 534 1207 630 super

134 635 182 722 iia,
201 635 381 730 parabolis
406 632 599 727 conscripti
610 631 776 735 fuiffent,
803 652 849 705 ne
865 627 939 732 ipsc
952 632 1093 724 quidem
1105 641 1206 730 munss
1239 637 1251 662 '¹

137 733 207 810 doe
227 751 358 827 'capere
377 731 559 826 potuiiset.
617 733 675 807 Ac
692 729 772 807 fieri
792 728 872 805 sane
893 729 1036 823 potest,
1069 735 1119 805 ut'
1138 745 1206 810 cor

137 834 333 927 idoneum,
361 833 396 905 ue
411 831 623 930 scriptorum
639 833 827 931 parabolas
843 833 1108 923 explanantium
1123 856 1209 929 pro.

137 949 222 1029 pter
242 934 451 1007 munditiem
477 954 590 1028 capax
612 936 838 1027 reperiatur,
877 935 926 1004 ita
948 945 991 1003 ut
1005 931 1082 1004 haec
1097 937 1132 1006 in
1156 957 1204 1010 eo

139 1045 334 1108 exarentur
352 1032 485 1127 Spiritu
499 1036 571 1108 Dei
588 1036 679 1110 vivi.
730 1033 784 1105 At
802 1032 940 1123 inquiet
956 1031 1081 1122 aliquis
1096 1035 1205 1129 impie

137 1153 208 1207 noa
226 1129 374 1205 fortaise
393 1154 525 1230 agere,
556 1135 617 1227 qui
639 1147 792 1228 propter
809 1150 976 1205 arcanum
995 1132 1205 1214 divinornm

136 1232 353 1324 scriptorum
369 1233 402 1305 dr
419 1235 646 1307 reconditum
660 1232 817 1325 sensum,
842 1231 918 1304 haec
934 1250 1014 1305 eum
1026 1233 1206 1310 elucidare
1287 1235 1292 1247 “

139 1332 173 1405 dt
194 1333 377 1405 declarare
400 1330 500 1426 poise
521 1334 713 1425 volumus,
741 1332 912 1405 &lucem
929 1329 971 1401 iia
988 1327 1117 1406 afferre
1143 1356 1206 1409 co·

138 1451 286 1519 namur3
315 1432 466 1524 etiamsi,
493 1446 534 1503 ut
555 1434 591 1506 id
615 1435 665 1505 ita
687 1445 887 1546 papamus,
915 1450 1042 1508 eorum
1066 1430 1205 1508 senten·
1281 1459 1283 1465 ·

136 1533 223 1604 tiam
243 1547 410 1604 accurate
431 1529 576 1604 assecuti
602 1531 802 1606 videamur,
852 1530 911 1602 Ad
934 1530 969 1602 id
988 1531 1205 1623 responden·

138 1632 223 1705 dum
237 1630 307 1720 est,
334 1633 432 1721 quod
447 1632 471 1705 sr
484 1634 527 1723 ii,
552 1634 680 1726 quibus
698 1633 774 1707 haec
791 1632 991 1725 intelligere
1005 1630 1122 1704 datum
1139 1634 1204 1717 est,

139 1730 224 1823 quid
247 1729 310 1804 sabi
331 1730 504 1826 agendum
521 1732 561 1805 itt
581 1748 751 1824 teneant,
777 1752 846 1803 nos
867 1743 990 1821 certe,
1018 1733 1130 1822 quiin
1149 1754 1204 1807 re·

138 1850 241 1924 rum,
269 1849 346 1920 quc
361 1829 693 1928 hicfignificantur,
715 1832 998 1925 profunditatem
1013 1848 1206 1922 penetrare
1273 1887 1275 1894 ·

138 1949 216 2004 non
238 1926 340 2021 poise
354 1929 535 2018 fatemur,
562 1932 693 2005 etiamst
711 1929 893 2006 rudiore'm
908 1930 1128 2020 aliquatenus
1151 1933 1205 2007 in·¹

138 2030 374 2124 telligentiam
388 2030 464 2102 l'oci
477 2030 582 2123 hujus
596 2032 843 2123 percepimus,
870 2030 1042 2103 nonnulla
1060 2033 1204 2121 quidem

141 2147 185 2203 cx
198 2130 263 2219 iia,
282 2148 358 2219 quo
369 2128 445 2203 five
455 2129 523 2201 Dei
539 2146 629 2202 nutu
645 2130 678 2202 u
688 2132 822 2226 gratia,
842 2129 917 2201 srve
929 2131 1081 2222 proprio
1091 2148 1204 2207 marte

137 2225 221 2323 post
241 2230 387 2303 multam
405 2226 680 2318 disquisrtionem
702 2230 902 2303 &examen
918 2227 1085 2321 reperiffe
1106 2235 1206 2306 vide·

138 2347 241 2418 mur,
267 2347 336 2400 nos
355 2332 496 2428 tradere
517 2330 646 2402 litteris
665 2351 741 2402 non
760 2329 891 2403 audere
907 2328 1087 2418 dicemus3
1114 2351 1205 2404 non·

139 2427 236 2501 nulla
261 2447 354 2500 vero
379 2429 601 2520 aliquatenus
619 2450 832 2522 exponere,
861 2449 941 2501 cum
959 2428 1096 2521 nostri,
1123 2445 1201 2509 tum

139 2544 266 2600 corum
285 2530 414 2623 gratia,
440 2531 500 2618 qui
514 2530 590 2600 haec
611 2530 742 2626 legent.
795 2530 864 2603 Sed
881 2532 956 2602 haec
972 2544 1123 2621 propter
1140 2553 1203 2603 oc·
1267 2573 1270 2580 ,

141 2628 276 2699 cultum
302 2630 481 2719 paraboiae
508 2627 642 2702 sensum
660 2631 698 2701 in
722 2628 834 2701 nostri
854 2628 1093 2702 defensionem
1113 2630 1203 2706 dicta

92 2777 96 2792 .
140 2726 218 2802 fint.
266 2726 325 2799 Ad
348 2727 526 2816 quaefitum
550 2744 668 2803 autem
688 2729 803 2820 illud,
839 2729 1064 2819 quandonam
1088 2730 1202 2804 homo

137 2826 202 2901 ille
216 2846 281 2899 tex
301 2828 480 2919 paraboiae
499 2847 580 2900 curn
602 2826 713 2900 servis
730 2827 797 2900 suis
812 2832 971 2900 rationes
987 2845 1113 2918 putare
1137 2852 1205 2902 vo·

140 2925 269 3016 luerit,
294 2925 330 2997 id
355 2927 449 2998 circa
470 2928 745 3018 praenuntiatum
764 2928 886 3017 judicii
903 2943 1042 3017 tempus
1060 2931 1208 3006 contina.

140 3044 224 3126 gere
240 3024 411 3100 dicemus.
464 3026 624 3098 Probtnt
639 3027 725 3098 illud
739 3028 918 3120 parabolae
932 3029 1029 3105 duae,
1056 3044 1204 3118 quarunt

140 3141 212 3200 una
230 3125 355 3197 versus
378 3126 555 3220 evangelii
581 3126 731 3218 hujusce
748 3122 884 3215 finem,
913 3127 1022 3200 altera
1040 3128 1075 3199 in
1095 3149 1204 3202 evan·

142 3228 238 3323 gelio
258 3223 449 3299 secundum
464 3224 596 3298 Lucam
613 3228 838 3321 continetur..
874 3223 920 3297 Et
934 3249 980 3300 ne
996 3226 1104 3317 ipsum
1117 3250 1206 3303 con·

141 3339 282 3408 textum
297 3321 548 3418 proferentes,
575 3326 719 3421 longius
736 3328 940 3400 orationem
952 3330 1228 3421 producamua,··

142 3445 222 3498 cum
243 3424 437 3515 unicuique
453 3426 593 3496 volenti
614 3447 672 3498 eas
687 3444 732 3498 ex
749 3424 820 3521 ipsa
839 3426 1010 3519 scriptura
1020 3442 1146 3519 petere
1157 3432 1208 3502 fa·

142 3526 208 3597 cile
224 3523 297 3613 stt,
329 3521 364 3595 id
389 3543 499 3596 unum
519 3525 676 3598 dicemus
693 3547 706 3614 ς
747 3526 984 3620 parabolam,
1016 3548 1093 3618 quae
1113 3527 1207 3621 apud

141 3619 354 3697 Matthaeum
366 3633 466 3696 extat
477 3677 489 3714 ,
500 3660 506 3672 ·
517 3622 603 3697 iliud
615 3641 844 3719 proponere:
872 3633 965 3699 Sicut
982 3626 1070 3697 hemo
1083 3651 1209 3727 peregre

142 3724 335 3821 proficiscens
349 3730 479 3794 vocavit
490 3723 595 3811 servos
606 3729 697 3814 suos,
718 3732 755 3800 U
769 3730 979 3848 ‘'Missi''
993 3730 1072 3800 bona
1083 3732 1154 3820 sue,
1168 3732 1209 3812 U

142 3831 204 3895 una'
222 3828 378 3922 quinqua,
411 3823 473 3893 alii
493 3842 598 3895 autem
614 3828 695 3911 dac,
721 3828 780 3896 alii
802 3850 885 3899 vero·
903 3841 1001 3897 ¹murm
1027 3833 1208 3901 talentum:
1268 3897 1271 3906 .

142 3923 271 4001 deinde
296 3937 417 4000 auteur
436 3943 495 4000 rea
510 3922 575 4001 fibi
596 3924 743 4003 traditae
768 3942 869 4004 certa
890 3929 1121 4007 decretione
1148 3932 1223 4005 ad·r
1275 3987 1279 3998 .

1065 4050 1176 4107 tuum·
1258 4057 1263 4070 ··
