2800 4567
300 365 364 444 IN
389 363 759 443 MATTHAEUM
794 361 913 445 Tom.
938 366 1029 448 XV.
1137 379 1205 455 181

142 550 214 624 que
227 533 275 602 ut'
284 532 464 624 pincerne
490 529 523 602 δι
549 528 689 624 pistoris
705 528 826 605 officio
847 531 939 624 apud
952 530 1063 623 ipsum
1080 531 1205 631 funge-

140 647 292 722 rentur,
318 629 444 704 exsecii
466 627 569 702 sum:
596 628 676 702 sunt
692 635 801 704 etiam
826 633 988 705 homines
1010 631 1080 705 Dei
1105 634 1202 708 adid

142 731 285 804 castrati
301 782 314 821 ,
329 744 397 822 eut,-
412 729 599 823 collapsam
629 729 819 824 Jerusalem
850 731 1054 804 instaurent.
1081 733 1137 806 Ac
1154 735 1202 808 de

138 830 322 924 prioribus
355 829 494 922 quidem
515 831 551 901 in
585 827 716 904 Genesi·
738 829 905 922 scriptum
928 830 1007 919 est;
1048 831 1200 909 aliorum

139 931 344 1022 exemplum
356 931 491 1020 praebet
503 930 550 1020 is,
579 929 707 1023 dequo
723 931 758 1002 in
771 933 885 1004 altero
898 929 1014 1003 Esdrae
1023 932 1115 1004 libro
1131 934 1200 1026 agi·

138 1044 220 1122 tur,
249 1031 380 1121 quique
403 1029 451 1104 iio
472 1032 540 1100 ait:
569 1031 617 1102 Et
641 1056 689 1122 ego
713 1055 796 1100 eram
816 1039 894 1123 regis
914 1035 1088 1109 eunuchos.
1137 1036 1199 1103 Fo-

138 1130 225 1202 ilum
241 1132 401 1226 ejicerem
417 1136 453 1198 in
469 1129 570 1214 mense
588 1133 717 1220 Nisam,
743 1155 828 1202 anno
849 1133 988 1226 vigesimo
1005 1137 1199 1203 Artaxerxis

137 1230 385 1402 hihlll
406 1226 623 1421 siq‘hiilii
650 1228 1199 1406 litltllihl't'lllll‘
1282 1345 1284 1349 ·

137 1429 241 1502 hrum
257 1354 399 1524 leggns’,
425 1445 656 1522 quacumque
672 1430 715 1501 ad
735 1431 829 1502 hunc
844 1431 964 1504 locum
991 1425 1197 1525 pertinent,

136 1529 318 1622 reperies,
344 1527 551 1622 &quianam
578 1529 622 1603 de
653 1528 754 1602 causa
776 1528 912 1602 sanstus
945 1530 995 1604 est
1011 1534 1197 1605 eunuchus

135 1630 216 1719 ille,
254 1629 314 1718 qui
339 1625 566 1700 restaurando
591 1629 660 1701 Dei
683 1631 820 1721 templo
835 1629 1019 1723 praefeolus
1037 1629 1096 1702 est.
1123 1630 1197 1702 Da·
1290 1625 1294 1634 “

136 1730 210 1801 niel
226 1747 372 1820 quoque
397 1727 430 1799 δι
457 1743 529 1799 tres
550 1749 630 1802 cum
656 1749 855 1821 eopueros
879 1730 1077 1819 Ananiam,
1105 1729 1198 1802 Aza-

135 1828 225 1900 rirm
252 1827 285 1900 ἂ
310 1825 492 1901 Misaelem
516 1826 703 1921 Babylone
716 1828 893 1901 crstratos
927 1828 1028 1904 fuiile
1052 1829 1198 1902 tradunt

135 1927 376 2001 Hebraeorum
404 1923 494 2018 filii,
527 1931 782 2022 completura
812 1927 906 2002 lsaiae
931 1929 975 2003 ed
1005 1927 1198 2004 Ezechiam

139 2027 352 2124 prophetia:
381 2032 431 2098 De
450 2027 567 2124 semiue
594 2044 650 2101 too
672 2029 801 2117 trient,
827 2029 865 2104 o
885 2029 1012 2118 facient
1036 2031 1197 2099 eunuchos

138 2137 176 2198 in
194 2129 369 2218 limingis
384 2127 566 2219 Babylonis.
617 2129 717 2225 Quin
739 2131 844 2201 etiam
865 2129 910 2201 de
925 2130 993 2202 illis
1014 2130 1057 2202 ad
1075 2124 1206 2203 lsaiam'

137 2228 373 2300 vaticinatum
389 2226 536 2299 fetuhtt·
556 2231 610 2300 Ne
625 2233 708 2299 dicat
729 2230 872 2314 advena,
897 2235 954 2326 qui
972 2231 1109 2300 adheret
1131 2233 1198 2300 Do·

137 2334 221 2398 mino
235 2330 358 2396 dicem:
385 2331 592 2420 Separatione
605 2329 726 2400 dividet
740 2353 787 2399 me
804 2332 964 2400 Dominus
978 2356 997 2400 o
1008 2329 1118 2425 populo
1128 2329 1194 2418 iseo,

139 2428 172 2500 ἃ
210 2442 340 2500 caetera
359 2426 506 2517 ,usque
536 2429 661 2502 adid:
695 2431 864 2501 Meliorem
875 2433 963 2521 filiis
987 2429 1025 2504 θ
1049 2429 1194 2518 filiabus.

136 2526 278 2601 Bonum
302 2545 402 2619 crgo.
416 2525 490 2615 est,
516 2528 614 2617 quod
637 2528 681 2600 ad
700 2527 887 2621 mysticum
913 2529 1017 2621 hujus
1034 2530 1107 2601 loci
1123 2527 1198 2601 sen·

138 2627 217 2702 ium·
229 2623 383 2718 speitet,
402 2627 446 2698 -in
461 2625 652 2718 Babylone
670 2649 745 2701 non
759 2649 951 2723 generare,
978 2626 1036 2701 sed
1066 2627 1202 2704 Damio.

137 2730 176 2801 lis
199 2725 334 2815 instar,
360 2725 555 2818 Babylonis
576 2726 736 2819 respectu
762 2728 914 2803 sterilem
941 2725 1009 2800 else
1037 2725 1070 2800 δι
1095 2726 1196 2799 infre·

139 2828 378 2906 cundum,=ut
397 2825 583 2918 postquam
605 2825 803 2920 sicutipse,
830 2828 1006 2922 ipsiusque
1027 2827 1195 2918 comites,

138 2925 304 3020 sipiritu
325 2924 452 3000 divino
481 2927 780 3017 conceperimus,
814 2925 887 2998 visa
924 2926 957 2997 ἃ
987 2923 1196 3017 prophetias

138 3045 355 3124 generemus.
407 3025 482 3123 Qui
500 3041 619 3098 autem
640 3025 684 3102 ad
704 3026 799 3100 hunc
819 3024 1017 3098 sermonem
1042 3024 1197 3098 animum

137 3126 298 3201 voluerit
314 3123 522 3216 advertere,
543 3126 653 3216 sciis,
675 3145 828 3217 quorum
842 3125 943 3218 supra
956 3122 1195 3214 meminimus,

138 3227 267 3318 ipsique
288 3220 429 3316 scriptis·
449 3223 515 3298 suis
538 3224 736 3299 doctrinam
754 3225 847 3297 hanc
866 3222 1121 3318 prodiderunt,
1148 3219 1197 3294 as·

136 3324 274 3416 sentiri,
289 3321 409 3396 multis
425 3344 504 3396 eum
521 3326 764 3418 probabilibus
783 3325 996 3418 argumentis
1016 3321 1197 3410 adstruere

136 3423 234 3519 polle
261 3421 439 3496 iciendum
460 3422 510 3496 est
532 3441 605 3496 tres
629 3426 878 3498 eunuchiimos
904 3421 974 3498 effe
996 3422 1041 3494 ad
1061 3440 1196 3514 corpus

134 3521 364 3600 referendos:
396 3520 455 3594 sed
475 3545 660 3616 exponere
681 3545 746 3600 eos
770 3525 972 3616 noluimus,
998 3543 1046 3595 ne
1066 3519 1198 3595 sermo·

135 3621 595 3700 nesexercitationiscausa
618 3639 888 3715 proponentes,
916 3623 949 3695 δι
976 3619 1199 3694 confutatio·

135 3745 216 3800 nem
238 3718 509 3812 uniuscujusque
532 3724 776 3817 explicantes,
797 3721 940 3796 'causam
962 3722 1016 3795 his
1043 3723 1198 3815 probea-

136 3845 241 3914 mus,
270 3820 331 3912 qui
358 3817 555 3895 sermonem
584 3825 628 3896 de
650 3821 864 3897 castratione
888 3834 1016 3915 preter
1033 3818 1114 3914 Jesu
1133 3838 1198 3890 vo·

137 3925 312 3998 luntatem
335 3921 498 4014 capiunt,
526 3943 589 3996 cur
611 3922 722 4015 ipsum
749 3924 855 4002 etiam
878 3922 1050 4008 verbum,
1076 3940 1199 4009 capere,

97 4041 99 4048 ’
138 4024 207 4097 aiio
222 4017 364 4096 acheri
378 4017 486 4094 d'ebe't
502 4023 768 4200 detorquppnt,
794 4019 1105 4110 &itatenus
1119 4031 1214 4103 W·-

736 4148 756 4227 3
1109 4129 1191 4204 (iffi
