2800 4567
313 207 1077 374 immersorum-'ronne
1183 273 1231 350 92

156 409 336 488 mirabile.
385 407 445 483 Sic
464 430 535 506 ego
549 431 695 503 quoque
710 411 824 483 verba
838 411 915 483 haec
932 408 1103 505 Apostoli
1119 412 1230 488 inter·

158 527 307 605 pretor:
332 512 445 583 Noun
459 512 616 604 fraudare
628 515 783 597 invicem,
808 512 868 605 m'fi
874 511 964 602 forte
977 538 1016 592 cx
1028 514 1175 602 consensu
1186 513 1230 586 ad

160 629 304 706 tempus,
328 627 366 681 ur
382 616 504 681 vacetis
518 617 669 687 orationi.
690 679 693 684 ,
721 611 906 711 Quoniam
923 609 1016 684 enim
1034 611 1234 686 harmonio

159 709 383 783 vocabulum
406 711 473 804 iis,
502 711 563 801 qui
587 707 780 783 secundum
798 710 917 783 Deum
940 712 1127 784 connubio
1144 711 1230 804 jun}

159 809 294 906 g'untur
308 809 346 880 in
366 810 521 903 quodam
533 807 820 884 Proverbiorum
838 811 926 883 loco
948 811 1138 904 tribuitur,
1156 809 1227 902 'qui
1303 897 1305 902 ,

158 912 206 984 sic
227 909 356 981 habet:
383 915 559 981 Dominum
576 912 615 987 U
626 912 833 1007 [ubjiantium
846 912 993 983 divium
1009 913 1228 1003 patrofilius,

159 1037 179 1080 a
203 1012 345 1080 Domino
362 1026 468 1080 autem
485 1018 558 1082 viro
574 1035 657 1082 uxor
676 1016 904 1107 conjungitum
930 1008 1154 1100 consequens
1174 1008 1227 1084 cst

161 1109 379 1203 harmonio,
407 1130 485 1201 quae
503 1132 526 1204 av
535 1110 620 1185 Deo
638 1109 712 1205 est,
738 1110 938 1185 &nomine
953 1110 1172 1204 symphoniae
1184 1131 1228 1184 ac

159 1207 380 1301 consensus,
412 1208 537 1302 &ipsa
559 1211 661 1285 read
685 1212 890 1286 orationem
908 1209 1008 1300 frut;
1041 1208 1138 1302 quod
1162 1209 1229 1284 vel

159 1309 244 1381 inde
263 1309 401 1399 liquet:
434 1310 510 1406 Nrfi
524 1307 616 1402 forte
636 1336 676 1383 ex
697 1308 853 1401 consensa.
904 1307 1046 1383 Deinde
1063 1310 1226 1402 pluribus

161 1410 345 1480 declarans
361 1409 524 1483 Verbum
539 1410 633 1486 idem
646 1407 717 1484 esse
729 1413 788 1482 duo
801 1410 976 1498 consentire
983 1408 1080 1506 super
1091 1426 1227 1503 terram,

119 1517 126 1525 ‘
160 1529 200 1579 ac
223 1506 367 1581 Christo
386 1506 617 1605 consentire,
650 1509 856 1605 subjungit:
890 1510 952 1580 Ubi
968 1515 1053 1590 enim
1066 1512 1149 1599 fiant
1167 1512 1227 1582 duo

160 1609 211 1678 uel
237 1626 303 1676 ures
324 1617 505 1701 congregati.
519 1616 556 1682 in
570 1618 699 1682 momine
715 1635 801 1683 meu·
838 1609 925 1683 Duo
942 1609 1050 1705 igitur
1071 1610 1133 1682 vel
1150 1622 1226 1684 tres

158 1707 193 1780 in
207 1709 358 1780 nomine
372 1706 500 1782 Christi
516 1711 741 1807 congregati,
756 1712 781 1783 ii
794 1707 887 1801 sunt,
901 1711 959 1802 qui
975 1707 1226 1801 superterram

158 1819 234 1880 non
252 1806 326 1904 duo
342 1803 475 1902 solum,
501 1808 561 1883 sed
576 1811 692 1883 &tres
702 1829 970 1902 nonnumquam
982 1806 1227 1886 consentiunt.

159 1906 439 1980 Animadvertet
453 1922 573 1983 autem
595 1911 655 2002 qui
670 1912 831 2003 poterit,
858 1930 901 1982 an
917 1907 1128 2001 symphonia
1148 1908 1229 1982 heo

160 2003 424 2098 &consensus‚
452 2028 494 2080 ac
520 2011 598 2083 talis
623 2012 885 2106 congregatio,
919 2009 1021 2101 cujus
1043 2009 1080 2079 in
1101 2008 1224 2081 medio

159 2103 323 2180 versatur
345 2103 532 2200 Christus,
557 2110 594 2181 in
612 2110 773 2202 pluribus
795 2109 941 2204 reperiri
956 2107 1087 2202 posit,
1115 2129 1226 2200 quan·

160 2205 356 2297 doquidcm
370 2209 498 2304 augusta
507 2225 602 2305 portu
620 2205 659 2285 (s
665 2203 763 2281 'arsia
778 2216 836 2280 via
851 2210 916 2306 est,
941 2233 1007 2304 qua
1019 2210 1109 2277 ducit
1119 2213 1160 2277 ad
1172 2214 1227 2277 vi·

159 2322 244 2392 tum,
272 2305 312 2382 U
327 2315 416 2402 pauci
433 2309 530 2395 sunt,
559 2316 615 2406 qui
627 2314 808 2381 inveniunt
826 2334 903 2384 eam.
952 2306 983 2380 F
985 2305 1115 2380 ortaffe
1131 2328 1225 2382 vero

158 2405 324 2506 nepauci
339 2407 502 2502 quidem,
520 2405 579 2482 sed
593 2409 667 2483 duo
678 2411 739 2482 vei
755 2425 828 2484 tres
842 2404 1086 2500 consentiunt,
1104 2426 1227 2498 quem-

159 2504 352 2580 admodum
372 2506 526 2595 Petrus,
554 2509 587 2584 ἃ
610 2510 800 2605 Jacobus,
826 2510 860 2583 δι
883 2512 1066 2606 Joannes‚
1094 2507 1224 2598 quibus
1300 2565 1304 2574 ,

159 2606 468 2680 consentientibus
485 2609 634 2703 gloriam
653 2608 748 2684 suam
768 2609 941 2702 patefecit
955 2607 1120 2681 Verbum
1139 2606 1224 2685 Dei.

159 2702 429 2778 Consenserunt
441 2723 560 2782 autem
577 2708 672 2800 duo,
698 2709 827 2782 Paulus
846 2710 880 2782 ἂ
898 2705 1114 2799 Sosthenes,
1142 2727 1225 2781 cum

159 2807 320 2898 priorem
334 2805 377 2877 ad
394 2804 605 2879 Corinthios
621 2807 805 2901 epistolam
816 2806 1121 2898 conscripserunt;
1148 2822 1227 2882 turn

160 2905 288 2981 deinde
304 2903 432 2979 Paulus
447 2904 481 2978 δι
496 2904 736 2997 Timotheus,
765 2928 844 2981 cum
860 2911 1006 2981 alteram
1019 2906 1061 2977 ad
1077 2906 1241 2981 eosdem‘

158 3002 349 3092 miserunt3
378 3006 572 3098 quinetiam
588 3001 846 3080 consenserunt
858 3021 953 3098 tres,
981 3005 1124 3095 quando
1136 3004 1225 3078 Pau-

159 3101 240 3198 lus,
269 3103 522 3197 &Sylvanus‚
548 3106 583 3177 δι
599 3103 818 3181 Timotheus
834 3127 898 3198 per
913 3104 1098 3201 epistolam
1112 3101 1226 3178 Thes·

159 3201 434 3278 salonicensrbus
457 3219 638 3298 praecepta
661 3205 897 3282 tradiderunt.
949 3204 1063 3303 Quod
1081 3206 1105 3279 st
1123 3228 1144 3278 e
1161 3223 1226 3279 ve*

160 3305 229 3378 teri
243 3301 415 3399 scriptura
435 3322 509 3379 tres
526 3305 750 3400 producendi
767 3305 867 3398 sunt,
894 3308 954 3398 qui
970 3304 1073 3396 super
1095 3319 1228 3380 terram

161 3402 423 3494 consenserint,
448 3406 500 3477 ita
521 3407 615 3478 utin
634 3407 755 3478 medio
774 3427 901 3479 eorum
914 3406 1024 3478 suerit
1041 3404 1227 3500 Verbum,

160 3522 272 3597 aquo
285 3506 322 3576 in
336 3524 447 3578 unum
463 3503 645 3597 conjuncti
664 3502 767 3599 sunt,
793 3505 1060 3598 inscriptionem
1074 3502 1229 3578 Psalmo·

159 3625 239 3678 rum
259 3604 468 3692 considera3
499 3604 594 3678 illam
622 3607 726 3678 verbi
751 3609 863 3702 gratia
884 3602 1008 3678 Psalmi
1027 3602 1121 3678 XLI.
1151 3626 1229 3697 que

159 3706 239 3776 talis
252 3702 321 3775 est:
351 3707 391 3773 In
398 3706 500 3792 finem
515 3705 784 3797 intessefiusfiliis
800 3709 885 3779 Cure.
938 3703 1028 3778 Cum
1042 3709 1136 3777 enim
1154 3720 1228 3777 tres

161 3801 275 3877 essent
297 3800 360 3873 filii
381 3801 509 3895 Core,
545 3824 698 3895 quorum
723 3807 871 3879 nomina
895 3806 931 3879 in
946 3804 1080 3879 Exodo
1097 3807 1230 3898 reperi·

159 3923 259 4000 nus,
286 3899 399 3998 Aser,
420 3905 479 3996 qui
492 3908 709 4001 exponitur,
731 3906 844 3998 iusum
870 3903 1230 4078 alterHelcanwui

159 4043 162 4048 ·
1064 4023 1106 4077 re
1152 4024 1185 4076 t·
