2800 4567
250 349 255 358 .
293 286 358 365 ms
382 280 757 361 morannum
790 279 911 363 non.
936 281 1033 361 xu·
1138 309 1209 386 209

130 450 214 544 quis
248 448 467 522 editionibus
510 447 656 521 hebreo
699 445 981 524 consonantibus
1018 446 1207 544 addidisse,

130 572 215 624 cum
235 551 271 622 in
290 550 397 624 LXX.
420 547 679 641 interpretibus
704 548 848 622 minime
868 549 1133 641 reperirentur,
1169 549 1204 623 dt
1304 535 1308 571 ¹

129 667 172 724 ut
189 671 231 722 ea
248 646 343 723 missa
359 648 491 739 faciat,
517 647 574 720 cui
600 648 740 722 libitum
759 648 847 733 erir;
876 665 980 734 quem
1003 661 1121 720 autern
1147 647 1204 722 of·

129 743 249 823 fendit
262 749 369 839 illud,
396 748 440 820 de
457 769 503 819 eo
520 747 766 838 admittendo,
793 765 940 837 necne,
967 765 1035 839 pro
1053 748 1203 821 arbitrio
1262 830 1264 834 ἲ

130 847 273 924 statuat.
332 846 460 938 Atqui
479 848 682 921 mandatum
707 847 846 919 hocce:
887 847 1204 942 Diligesprsximum

131 935 225 1021 lirum
245 948 323 1041 ficus
353 948 503 1045 reipsum,
541 948 599 1020 hic
624 948 767 1020 minime
799 943 1115 1038 sulse-insertum,
1143 946 1231 1022 sed·

131 1048 216 1143 post
233 1048 354 1142 priora
380 1047 543 1122 mandata
566 1061 652 1119 tunc
677 1045 876 1119 aDomino
893 1068 1022 1119 revera
1041 1068 1204 1139 pronun·
1265 1097 1271 1118 r

132 1150 263 1224 tiatum
276 1143 377 1219 fuisse
391 1146 613 1230 contendet,
638 1144 871 1218 Servatorem
887 1144 1046 1219 nostrum
1064 1148 1204 1240 inquiet

134 1247 285 1338 diuitem
318 1250 413 1319 hunc
433 1248 587 1339 leniter,
622 1245 654 1317 br
689 1247 820 1319 nullius
844 1245 1056 1339 interposita
1092 1267 1205 1339 opera

132 1327 322 1446 increpare
335 1349 542 1438 volentem,
570 1361 762 1442 propterea
781 1346 1090 1436 quodmandatum
1110 1346 1205 1418 hoe.-

137 1448 261 1538 Diliges
269 1466 462 1541 ⁸proxrmum
483 1445 662 1542 luumstcsrt
684 1448 835 1540 teipsum,
864 1443 930 1517 ase
946 1444 1123 1517 seruatum
1140 1444 1204 1518 fu·

133 1544 196 1620 isse
221 1546 363 1638 dicens,
397 1566 508 1619 verax
536 1566 612 1618 non
634 1543 772 1636 suisset,
810 1545 843 1620 id
859 1547 891 1632 ei
908 1543 1048 1616 dixr'lse:
1082 1549 1122 1616 Si
1142 1551 1204 1617 vis
1285 1567 1287 1570 ·

131 1643 292 1745 perfossus
315 1644 398 1738 effe,
421 1646 522 1732 vods,
537 1646 671 1743 ,venda
705 1671 772 1741 qua
799 1646 911 1730 Irmss,
937 1644 975 1719 (ὕ
1002 1646 1041 1714 da
1053 1651 1204 1739 pauperi·

132 1749 209 1818 lus:
245 1767 291 1822 eo
322 1746 476 1820 sedenim
499 1744 603 1840 pasto
629 1743 780 1817 servasse
811 1762 847 1816 te
880 1743 1082 1817 mandatum
1107 1746 1202 1817 hoc:

137 1848 262 1939 Diliges
276 1854 454 1942 proximum
477 1864 567 1917 tuum
584 1845 670 1941 ficut
690 1846 845 1941 teipsum,
879 1864 967 1917 vere
996 1840 1130 1927 diiiiss'e¹
1149 1846 1205 1918 vi·

138 1946 292 2020 deberis.

216 2066 272 2134 15.
299 2041 412 2140 Quod
431 2043 535 2134 siquis
555 2041 598 2115 ad
611 2041 799 2119 humanam
814 2043 1063 2120 infirmitatem
1087 2056 1204 2119 atten-

136 2146 250 2239 dens,
284 2145 318 2217 dr
352 2146 396 2217 ad
417 2142 659 2217 difficultatem
682 2146 734 2217 rei
753 2146 929 2236 ejusmodi
947 2146 1112 2239 gerendae
1127 2164 1208 2238 per·

135 2244 303 2344 fessionis
323 2244 361 2317 in
391 2244 475 2317 Deo
499 2242 729 2339 adipiscendae
750 2245 884 2340 gratia,
922 2247 1036 2319 verba
1062 2246 1207 2336 quidem

135 2346 319 2519 isitii
331 2344 1209 2539 ibitis}:i‘iffigziltllsiititinti·

137 2561 225 2636 ent,
259 2542 297 2616 in
328 2544 454 2635 quibus
481 2541 646 2617 seruntur
675 2544 867 2637 nonnulli,
906 2546 955 2617 ob
979 2545 1209 2639 praedicatam

137 2643 234 2737 apud
250 2644 399 2739 gentiles
415 2643 618 2735 sapientiam
632 2643 727 2719 idem
739 2643 824 2716 illud
846 2642 971 2740 egisse,
998 2645 1097 2737 quod
1117 2645 1210 2717 divi·

137 2746 168 2815 ti
195 2745 257 2816 bic
282 2741 747 2837 aServatorepraecipitur.
804 2741 1094 2819 Cratetemenim
1110 2741 1212 2816 Tho·¹

137 2844 275 2920 basum
285 2840 430 2935 ferunt,
453 2864 533 2915 cum
547 2844 721 2915 libertatis
738 2841 997 2936 consequendo
1013 2841 1113 2917 causa
1129 2860 1211 2933 par·

139 2965 185 3017 ce
218 2941 252 3017 ds
283 2941 469 3038 frugaliter
496 2941 646 3030 uiuendi
676 2944 856 3016 rationem
879 2941 1029 3034 iniisset,
1064 2940 1209 3032 seseque

139 3045 290 3118 beatum
310 3037 445 3115 Graecis
457 3038 520 3137 (ut
536 3042 676 3134 quidem
694 3043 813 3115 animo
830 3035 1050 3139 fingebat)&
1076 3041 1210 3115 nullius

139 3143 362 3239 indigentem
376 3140 427 3214 rei
443 3139 605 3235 prestare
619 3141 753 3234 vellet,
787 3137 962 3214 distrastas
980 3161 1129 3231 ornnes,
1167 3159 1212 3222 ac

142 3241 347 3319 divenditus
369 3241 559 3314 facultates
585 3239 846 3315 Thebanorum
869 3243 1007 3337 populo
1022 3238 1212 3336 erogasse,

143 3363 227 3418 cum
243 3341 342 3416 fimus
357 3341 393 3417 id
408 3339 645 3433 praedicass'etr
674 3339 835 3418 Cratslsm
849 3344 938 3412 bodie
954 3344 1065 3413 Crater
1080 3342 1213 3432 liberis·

144 3459 177 3517 rs
196 3439 307 3514 donor.
371 3440 483 3541 Quo'd
508 3440 534 3514 fi
558 3445 717 3533 propter
730 3442 899 3539 gentilem
918 3436 1150 3534 sapientiam,
1177 3437 1213 3514 dt

146 3539 515 3641 dogmatahumanam
530 3542 681 3614 animam
699 3543 935 3629 trucidantis,
962 3561 1039 3616 rem
1063 3537 1217 3633 eiusmo-

147 3645 181 3719 di
196 3642 323 3733 aliquis
338 3639 554 3736 designauit,
587 3655 725 3730 quanto
742 3642 850 3735 magis
871 3640 905 3714 id
922 3637 1041 3714 facere
1060 3638 1181 3734 potest
1200 3691 1214 3734 ,

148 3743 262 3838 quiin
283 3739 522 3834 comparanda
544 3737 769 3834 perfessione
785 3741 935 3815 studium
951 3738 1055 3814 suum·
1068 3761 1109 3815 ac
1128 3746 1218 3834 ope?

146 3860 222 3918 ram
257 3835 390 3935 ponit?
427 3839 490 3912 Sin
515 3839 647 3913 divinae
668 3838 853 3935 ‚scriptura
885 3840 982 3913 vires
1008 3840 1043 3912 id
1075 3837 1215 3938 nostras

146 3941 419 4034 haudquaquam
436 3938 604 4034 superare
616 3939 765 4020 docenti
782 3938 890 4017 fidem
905 3940 1030 4033 aliquis
1047 3939 1217 4012 adhibete

147 4131 150 4149 ,Ι
209 4048 359 4139 wigero
386 4035 476 4117 Tam.
501 4041 572 4118 xl.
778 4036 815 4117 0
1071 4038 1191 4126 subt,
