2800 4567
248 373 254 385 ,
310 304 376 385 ru
400 297 778 382 martrinum
809 262 936 377 roal
958 294 1071 377 xru.
1182 320 1229 400 ῃ

154 501 157 506 ·
238 491 296 565 η.
322 467 473 544 Rursum
487 460 1229 559 deindequaesrveritaliquia,quandonam
1264 477 1268 483 “

159 561 1231 670 parvulorumaServatoremonstratorumcuroepraefician·

160 689 238 762 tur,
251 671 309 761 qui
320 671 462 742 illorum
474 668 788 763 angelidicuntur3
809 686 853 737 an
865 665 1231 759 eorumregimenca-
1295 755 1299 762 Ι

160 773 391 869 peffiverint,
419 787 463 841 ex
480 788 553 857 quo
567 786 631 861 per
649 768 831 840 lavacrum
847 768 1150 863 regenerationis,
1168 789 1231 845 cu.
1264 787 1267 794 ·

159 874 222 967 jus
237 893 309 965 ope
316 872 395 965 fitur
414 871 498 938 modo
513 873 616 960 geniti
631 866 777 959 infantes
796 863 913 940 effesti
930 868 1030 960 sunt,
1056 871 1232 942 rationali·

157 978 212 1053 le,
237 974 300 1063 fine
319 971 449 1040 dalaiae
470 968 712 1063 concupescunt,
745 986 816 1039 nec
837 967 986 1061 amplius
1003 969 1102 1042 mule
1122 971 1229 1047 alicui

163 1070 336 1165 potestati
359 1068 565 1161 subjacente
593 1066 726 1159 anjam
743 1066 1019 1158 indeabortu,
1053 1068 1230 1148 ordinatia
1302 1103 1306 1116 ·

159 1173 234 1244 illis
257 1172 360 1261 juxta
384 1166 663 1263 praescientiam,
706 1166 741 1238 dt
768 1164 1115 1259 praedefflnauonem
1134 1170 1230 1266 Dei,

163 1297 240 1371 quos
252 1270 412 1365 prescivit
428 1266 465 1344 (Ἰ
481 1270 773 1362 pradeaerminavir
789 1265 889 1339 Deua
901 1266 1232 1365 futurotce'nformer

162 1376 270 1467 peria
288 1370 417 1466 Christi.
469 1367 527 1440 Ac
541 1368 643 1460 super
658 1387 702 1439 ea
717 1365 859 1459 qudem
869 1364 1065 1460 sententia,
1081 1390 1159 1461 quae
1174 1391 1235 1446 an·

163 1472 268 1569 gelos
282 1472 326 1541 ab
337 1482 422 1541 ortu
439 1466 561 1540 haberi
573 1466 715 1559 statuit,
742 1466 818 1538 haec
830 1466 1027 1557 protulerit
1037 1470 1238 1562 quispiam:

162 1574 237 1663 Qui
250 1594 296 1639 me
304 1568 481 1662 segregavit
495 1590 535 1639 ex
551 1584 640 1638 utero
656 1572 772 1638 marris
785 1590 874 1648 mea,
900 1567 934 1642 dt
951 1565 1060 1641 istud:
1087 1572 1233 1643 Deven-

166 1676 345 1744 tremueris
358 1683 473 1737 meatu
486 1663 685 1763 espretet‘dor
700 1687 803 1752 meust
827 1663 915 1738 illud
934 1685 1098 1757 quoque:
1124 1670 1233 1754 Sulca·

166 1777 218 1868 pit
235 1793 282 1839 me
301 1770 337 1839 de
355 1783 445 1839 utero
458 1772 571 1838 marris
587 1788 683 1851 mear
710 1780 805 1839 tum:
834 1769 875 1837 In
890 1784 921 1838 rc
932 1764 1093 1864 prajeflus
1102 1769 1175 1859 sum
1191 1796 1233 1844 aar

165 1886 277 1955 urerer
304 1868 338 1940 dr
355 1868 393 1940 in
408 1866 508 1963 Judae
532 1864 708 1959 epistolar
744 1870 808 1937 liis
823 1875 879 1962 qua·
887 1865 970 1955 sunt
990 1874 1027 1937 in
1053 1872 1122 1940 Dee
1140 1890 1235 1966 parre

167 1967 313 2056 delestis,
339 1966 377 2044 (Ἰ
397 1968 479 2063 Jesu
495 1966 618 2063 carulo
634 1965 830 2054 conservaris
845 1966 885 2045 Θ
897 1972 1038 2057 vualis,
1063 1968 1169 2063 plene
1187 1972 1233 2047 ab

170 2064 541 2170 augeliseustodibua.
950 2109 952 2113 -

246 2178 304 2249 28.
332 2166 446 2261 Super
464 2166 520 2239 his
542 2178 686 2238 autem:
711 2164 849 2265 Quando
869 2181 925 2259 per
942 2166 1108 2237 macrum
1118 2166 1236 2261 satier

166 2269 238 2364 sam
261 2288 338 2365 puer
360 2276 398 2337 m
419 2267 567 2363 Cdrpla,
603 2265 702 2338 dicet
721 2267 883 2360 angelum
909 2262 1064 2339 sanetum
1083 2268 1142 2341 hia
1157 2288 1237 2343 non

170 2364 309 2459 adesse,
335 2368 395 2458 qui
410 2366 447 2439 in
464 2367 596 2439 malitia
607 2365 801 2438 etiamnum
825 2364 844 2403 ⁸
868 2362 888 2403 ³
912 2363 1096 2459 *tempus
1113 2364 1240 2442 infide·

167 2470 283 2543 litatis
298 2461 745 2561 subaugelisSatanaeelse:
771 2477 808 2535 at
817 2460 1238 2562 postregenerationem,

171 2569 232 2663 qui
254 2588 325 2640 nos
345 2566 496 2658 proprio
514 2562 681 2660 sanguine
702 2564 881 2655 redemit,
910 2566 1039 2661 angelo
1062 2564 1181 2642 sandlo
1203 2567 1240 2641 &

172 2680 327 2763 propter
343 2664 553 2738 munditiem
571 2659 700 2737 faciem
716 2663 785 2735 Dei
798 2663 937 2736 videnti
952 2668 1073 2740 tradit.
1109 2664 1239 2742 Tertia

172 2771 259 2841 item
275 2766 379 2857 hujus
399 2766 473 2837 loci
487 2765 567 2836 talis
587 2762 656 2836 esse
676 2777 785 2853 queat
804 2764 1014 2855 expositio,
1044 2762 1121 2838 fieri
1138 2765 1240 2858 posse

174 2866 329 2955 scilicet,
343 2879 397 2957 ut,
418 2862 716 2955 quemadmodum
735 2864 778 2935 ab
792 2863 1043 2935 incredulitate
1058 2866 1101 2936 ad
1117 2862 1240 2959 fidem,

176 2971 219 3041 ab
240 2966 506 3039 incontinentia
522 2964 565 3035 ad
585 2960 809 3051 castitatem,
837 2962 870 3033 da
889 2961 1055 3034 universe
1073 2985 1093 3035 a
1115 2968 1240 3057 nequi-

175 3069 222 3141 tia
239 3067 285 3140 ad
300 3066 472 3136 virtutem
491 3066 604 3135 homo
621 3062 874 3153 convertitur,
897 3061 946 3134 ita
962 3061 1018 3153 dr,
1042 3063 1099 3134 cui
1115 3065 1241 3140 animae

170 3186 263 3240 cura
283 3162 398 3237 statim
421 3165 464 3235 ab
489 3175 573 3234 ortu
597 3159 779 3235 commissa
800 3158 878 3245 est,
908 3164 1020 3234 malua
1041 3162 1147 3235 initio
1171 3162 1242 3239 effe

201 3345 204 3350 ,
227 3264 305 3352 isrtr
332 3263 461 3335 deinde
477 3282 596 3343 vero,
623 3281 692 3352 qua
708 3261 952 3352 proportione
966 3261 996 3335 ia
1013 3262 1153 3354 credit,
1181 3265 1243 3355 qui

227 3362 402 3438 irraditur
420 3360 500 3456 est,
526 3362 649 3434 eadem
673 3360 707 3431 dr
727 3359 799 3453 ipse
820 3360 970 3451 eredat,
997 3360 1031 3432 dr
1052 3377 1175 3436 tantos
1191 3361 1242 3436 fa·

180 3465 249 3538 ciat
264 3460 487 3557 progressus,
515 3471 556 3532 ut
570 3480 663 3534 unus
679 3479 726 3532 ex
742 3462 875 3554 angelis
887 3459 1015 3532 faeiem
1028 3460 1161 3556 Patris,
1180 3464 1242 3554 qui

180 3564 215 3637 in
231 3563 330 3636 coelic
343 3560 413 3652 est,
427 3558 563 3655 semper
575 3557 813 3651 speirantibua
824 3555 1013 3633 efficiatur:
1038 3563 1143 3634 initio
1159 3564 1244 3637 inde

181 3661 298 3755 sesto,
326 3664 359 3734 ei
375 3660 626 3754 conjungitur,
652 3661 734 3749 qui,
762 3674 802 3741 ut
818 3660 891 3732 hoc
910 3674 1076 3751 tempore
1096 3664 1241 3756 credat,

183 3761 349 3855 praevisus
368 3761 400 3831 dt
416 3758 682 3851 predestinatus
704 3756 775 3848 est,
800 3751 1040 3844 ineffabilibus
1062 3770 1170 3852 atque
1193 3763 1245 3835 in·

185 3854 459 3949 scrutabilibus,
498 3859 531 3930 u
566 3855 768 3949 abyssorum
802 3858 968 3930 similibus
1002 3859 1071 3931 Dei
1102 3860 1244 3952 judicii-a

188 3979 329 4040 omnem
345 3959 439 4032 hanc
458 3962 753 4054 connexionem,
779 3960 928 4055 angelos
940 3978 1026 4035 cum
1040 3960 1257 4073 domininus

231 4089 244 4111 ‚‚
317 4087 320 4092 ·
1065 4077 1230 4151 conruu-
