2800 4567
331 298 395 376 nt
419 296 791 387 uttan-nun
826 285 946 380 aon.
972 269 1103 381 'xvn
1172 266 1242 402 47'1
1278 339 1281 350 r

157 483 274 544 tveso
296 460 426 536 dissum
449 457 524 535 est:
551 464 662 534 Multa·
683 482 824 560 quanm
840 470 994 553 intrare,
1020 466 1059 544 (7
1073 490 1140 538 non
1158 486 1242 564 pote·
1278 481 1281 487 '

164 582 280 649 runt,
308 565 367 635 &z
396 565 584 633 Contendite
604 570 732 636 intrare
746 587 807 661 per
820 568 978 663 angustam
988 584 1141 664 portem,
1167 582 1242 668 quia

161 670 269 763 pauci
284 666 366 755 sunt
381 670 634 759 qui,inveniunt
650 690 728 741 eam.

295 893 298 899 ·
325 857 388 946 De
405 862 452 946 iis
470 865 536 975 qui
554 866 598 948 de
615 854 723 977 censu
737 853 1094 977 interrogaverunt.

158 1125 161 1132 .
253 1076 310 1145 25.
341 1053 432 1130 Tum
448 1058 768 1151 abeuntessharcsaei
783 1063 941 1152 confilium
964 1070 1113 1135 inierunt
1128 1063 1241 1137 aduer-

159 1156 228 1249 ,sus
243 1182 330 1239 eum,
355 1176 393 1229 ut
412 1180 557 1256 caperent
578 1187 648 1233 eum
668 1170 706 1236 in
721 1166 887 1253 sermone,
915 1164 948 1235 ἂ
971 1167 1104 1256 reliqua
1126 1186 1241 1254 usque

159 1258 223 1332 ad
238 1258 291 1328 id:
323 1259 367 1328 Er
386 1262 494 1330 relisis
507 1287 538 1330 eo
556 1264 715 1342 obierunt.
764 1260 856 1336 Luci
872 1264 994 1354 hujus,
1021 1266 1118 1354 juxta
1136 1266 1242 1359 ipsius

173 1370 374 1429 contextus
399 1360 538 1451 uerba,
575 1363 651 1434 haec
676 1361 762 1434 mihi
785 1363 928 1456 videtur
959 1363 1028 1436 csse
1055 1364 1241 1436 sententia.

169 1456 314 1551 Judaei,
342 1472 473 1551 utpote
489 1462 727 1552 peculiarem,
754 1459 946 1535 secundum
969 1462 1082 1536 Mosrs
1104 1464 1219 1556 legem
1228 1514 1242 1556 ,

172 1554 401 1647 dosirinam,
434 1560 467 1632 ἀ
488 1559 660 1634 diversam
680 1584 699 1634 a
718 1563 877 1655 gentium
899 1559 1063 1634 instituto
1084 1564 1168 1635 vitae
1189 1582 1242 1633 r-a·

173 1656 317 1728 tionem
331 1671 494 1746 tuentes,
521 1661 681 1751 illudque
698 1662 828 1755 dogma
849 1660 1102 1734 observantes:
1138 1665 1243 1757 Usque
1270 1753 1272 1764 Ι

144 1758 219 1840 „ad
237 1774 364 1827 mortem
380 1780 463 1829 certa
475 1780 533 1854 pro
550 1768 709 1844 veritate,
736 1769 772 1836 Φ
789 1769 875 1831 Deus
890 1762 1043 1857 pugnabit
1059 1783 1114 1856 pro
1126 1778 1175 1844 te,
1195 1778 1243 1832 ne
1267 1779 1270 1788 '

173 1858 293 1951 legem
309 1855 379 1928 Dei
402 1858 609 1937 violarent,
635 1859 839 1933 vistricibus
858 1862 907 1933 sui
929 1863 1094 1955 gentibus
1117 1859 1244 1931 adver-

129 2045 131 2050 ·
174 1954 369 2043 sabantur3
396 1957 429 2030 &
452 1956 541 2050 saepe
562 1962 599 2032 in
622 1960 914 2051 presentiffimum
942 1962 1027 2032 vitae
1055 1957 1243 2031 discrimen

151 2053 315 2144 „adducti
333 2056 442 2149 sunt,
470 2058 763 2142 cumRomanis,
791 2063 848 2150 qui
865 2074 1014 2153 propter
1036 2058 1243 2153 Judaeorum
1278 2060 1283 2112 ἶ

174 2170 327 2249 peccata
350 2153 549 2247 superiores
569 2158 648 2251 ipsis
670 2157 888 2249 evaserant,
921 2157 1063 2230 Caesaris
1092 2156 1243 2230 statuam

175 2257 315 2347 templo
333 2254 402 2325 Dei
419 2255 550 2328 inferre
572 2259 781 2330 uolentibus
803 2260 916 2350 palam
934 2256 1155 2331 obfisterent.
1183 2254 1243 2327 Ac

159 2351 241 2436 ,sub
261 2354 555 2447 Pontioquidem
575 2356 691 2430 Pilato
714 2357 818 2430 vaide
834 2358 1070 2450 periclitatum
1092 2355 1159 2428 esse
1180 2377 1245 2446 po-

176 2459 302 2549 pulum
329 2476 373 2526 ex
391 2454 603 2549 conscriptis
620 2447 760 2530 Tiberii
781 2456 923 2530 Caesaris
947 2472 1114 2548 tempore
1137 2453 1245 2528 histo-

157 2581 160 2586 ·
176 2555 239 2626 riis
256 2552 443 2635 discimus,
470 2576 551 2630 cum
572 2555 720 2629 statuam
737 2555 881 2630 Caesaris
900 2558 943 2628 in·
955 2560 1093 2647 templo
1120 2552 1245 2626 conse-

177 2665 278 2726 crare
294 2658 392 2726 omni
409 2676 482 2746 ope
503 2656 746 2727 contenderet
764 2656 921 2744 Pilatus,
948 2657 982 2728 hi
1004 2670 1122 2726 autem
1144 2652 1246 2743 supra
1324 2724 1327 2730 .

177 2756 276 2825 vires
301 2758 406 2826 etiam
432 2753 506 2826 suas
534 2752 806 2829 relusiarentur.
868 2753 964 2843 Idem
990 2776 1135 2845 quoque
1168 2752 1246 2823 Caii
1302 2801 1305 2808 ·

178 2851 321 2924 Cesaris
347 2855 569 2945 temporibus
603 2852 791 2949 contigisse
819 2853 955 2945 scriptis
988 2852 1156 2925 traditum
1181 2849 1243 2924 est.

178 2952 401 3043 suspicamur
427 2969 545 3028 autern
575 2955 662 3026 nihii
683 2951 814 3026 factum
843 2953 1044 3045 ejusmodi,
1078 2951 1245 3042 quamdiu

177 3056 319 3146 populo
340 3051 525 3145 prouisum
548 3052 622 3145 est,
651 3069 766 3145 atque
790 3050 878 3125 dista
904 3075 923 3123 a
950 3052 1137 3144 prophetis
1163 3047 1245 3140 sepe

178 3154 312 3225 vallata
336 3168 412 3225 erat
430 3162 529 3222 vitrea
549 3157 708 3237 Domini,
743 3156 847 3223 dumus
870 3156 989 3236 litari,
1017 3152 1053 3226 ss
1071 3158 1128 3220 vir
1153 3151 1246 3244 Juda

174 3276 302 3346 germen
323 3257 387 3346 ejus
411 3251 595 3326 detestatio.
648 3253 761 3346 Quod
785 3267 903 3325 eutem
932 3271 1076 3324 omnem
1103 3247 1245 3340 superat

178 3349 309 3441 fidem,
336 3354 468 3444 primus
488 3350 561 3444 ipse
579 3356 753 3435 tempium
769 3351 837 3425 Dei
858 3354 996 3423 violare
1012 3355 1111 3421 auius
1127 3346 1176 3419 est
1190 3345 1247 3417 Pi·

152 3453 298 3541 irtus,
336 3455 393 3522 cni
428 3450 544 3547 Jesum
576 3452 810 3524 tradiderunt.
859 3449 1089 3543 sospitatoris
1124 3450 1245 3535 itaque

178 3555 419 3644 temporibus,
437 3573 517 3623 cum
530 3551 701 3624 tributum
718 3552 890 3624 Romanis
906 3549 1063 3641 pendere
1074 3545 1149 3637 juffi
1165 3545 1246 3616 sunt

179 3651 312 3746 Judai,
340 3653 383 3722 de
404 3673 450 3723 eo
468 3652 561 3722 inter
576 3649 721 3744 Judaeos'
731 3649 966 3738 disputatum,
995 3649 1246 3719 deliberatum·

183 3772 252 3842 que
267 3748 338 3839 est,
366 3767 484 3822 utrum
496 3750 739 3822 consecratam
754 3748 834 3820 Deo
851 3765 1015 3843 gentem,
1044 3768 1119 3838 quae
1139 3744 1243 3835 ipsus

181 3848 269 3936 esset
290 3854 441 3941 portio,
469 3853 641 3923 tributum
658 3851 879 3941 principibus
896 3847 1037 3920 soluere
1059 3842 1246 3916 consenta-

182 3970 289 4024 neum
307 3948 370 4043 sn,
396 3970 440 4024 an
459 3970 526 4047 pro
540 3951 706 4118 libertacte
722 3965 883 4043 certare,
908 3950 932 4022 s1
951 3951 1059 4022 vitam
1074 3964 1142 4041 pro
1157 3942 1245 4055 arbi·

674 4068 730 4144 ig
754 4072 778 4139 4
839 4123 841 4126 ¹
1123 4057 1195 4113 tuo
