2800 4567
261 271 726 422 rrr'marruluupr
758 298 1044 377 nonxurr.
1100 325 1172 396 493
1296 315 1299 330 ·

110 465 265 562 primum
292 463 507 556 instituitur,
541 466 627 561 legis
658 461 788 536 litterae
815 459 1010 535 necessario
1040 452 1172 555 nubit,

111 587 191 659 quae
206 565 347 657 quidem
369 568 428 637 lex
449 567 571 636 interit
589 586 670 637 cum
699 565 848 656 mulier,
863 566 989 635 anima
1017 562 1173 643 scilicet,

109 662 280 764 proficit,
306 680 347 736 ut
357 664 531 761 augustius
543 687 584 737 ac
594 662 797 758 saecundum
809 665 1072 738 matrimonium
1083 683 1172 734 con·

108 766 257 852 trahat3
284 785 365 839 cum
391 765 554 839 nimi'rum
574 768 761 853 firsvnbitur
774 786 829 858 per
838 765 985 854 filiorum
995 767 1173 857 generatio·

108 890 206 951 nem,
231 867 353 960 quande
372 866 607 961 permanserint
623 867 692 954 filii
716 871 753 935 in
770 866 857 955 fide,
890 862 928 939 U
950 863 1112 936 discilium
1132 862 1172 938 θ’
1229 859 1231 872 ’

104 963 362 1057 sanstificatiuare
379 990 446 1034 cum
460 965 645 1052 [obtimam
672 978 708 1037 at
732 982 814 1036 ante
841 983 943 1052 quam
961 966 1094 1036 liberos
1113 963 1173 1035 de·

108 1065 229 1154 derit,
255 1066 315 1136 uel
335 1064 397 1138 nisr
413 1066 573 1156 dederit,
600 1064 745 1138 salutem
759 1064 903 1135 minime
921 1066 1172 1154 consequetur.
1265 1102 1268 1108 ·

106 1163 234 1242 Liberi
258 1177 375 1239 autem
394 1167 549 1239 mulieris
574 1165 677 1257 hujus
698 1165 843 1253 animae,
871 1164 1064 1254 videlieet,
1083 1161 1174 1234 'ase'-

109 1265 233 1336 cundo
253 1265 361 1356 viro,
388 1264 556 1357 spirituali
577 1286 705 1356 nempe
733 1264 811 1357 lege
835 1261 1007 1357 susqepti,
1034 1285 1075 1335 ea
1094 1261 1173 1334 sunt

109 1362 235 1455 enada
244 1364 347 1454 juxta
366 1362 472 1457 ipsam
492 1386 613 1457 opera.
663 1362 805 1437 Fratres
824 1377 943 1436 autem
962 1366 1004 1436 ab
1022 1384 1174 1436 unama-

107 1478 191 1553 tre‚
217 1478 338 1535 mente
352 1461 685 1557 scilicetprodutti,
711 1464 733 1534 ii
749 1462 828 1535 sunt
847 1465 942 1558 leges
964 1464 1063 1554 duae,
1091 1480 1169 1552 quae

109 1563 212 1638 simul
230 1563 410 1652 habitant,
437 1586 505 1638 nec
523 1566 615 1638 enim
636 1564 763 1638 domus
784 1562 937 1655 ipsorum
956 1567 998 1635 ab
1018 1564 1174 1635 invicem

88 1677 91 1682 “
110 1660 271 1755 separata
288 1662 360 1752 est;
388 1663 446 1737 sed
465 1665 665 1755 &uterque
683 1666 822 1758 gemina
840 1661 891 1734 est
908 1664 1183 1755 interpretati03⁴

110 1765 150 1836 in
160 1763 373 1835 continente
384 1786 441 1836 eas
456 1766 574 1836 littera
584 1779 747 1855 tanquam
764 1765 800 1835 in
819 1762 929 1834 domo
947 1765 1061 1853 aliqua
1077 1763 1176 1833 habi·

112 1875 206 1935 tans.
259 1861 317 1934 Ac
336 1865 439 1957 vide,
458 1886 585 1952 ,annon
604 1865 690 1936 illud
711 1864 793 1935 inde
815 1863 959 1953 probari
981 1874 1106 1955 queat:
1134 1863 1174 1931 Si
1274 1881 1277 1888 ’

111 1963 335 2034 habitaverint
350 1964 600 2057 fratres‘fimul.
652 1964 795 2035 Deinde
823 1964 974 2034 habetur
991 1964 1096 2034 illude
1126 1963 1175 2031 Et
1226 2016 1229 2022 .

114 2085 201 2135 unus
213 2068 302 2131 exeis
313 2083 453 2133 mortuus
471 2061 593 2148 fuerit,
617 2064 718 2147 semen
736 2080 842 2132 eurem
857 2088 921 2133 non
931 2066 977 2155 fit
996 2064 1048 2133 illi
1058 2115 1067 2147 ,
1096 2082 1175 2151 quae

114 2183 183 2258 pro
203 2164 298 2235 uirili
327 2162 486 2257 exposui.
537 2164 627 2236 lllud
656 2178 774 2236 autem
805 2183 949 2253 quoque
967 2163 1173 2235 videamus:

115 2265 277 2336 Noluerit
296 2289 375 2334 uxor
384 2259 512 2333 'mortui
525 2282 617 2334 extra
635 2270 708 2333 viro
726 2259 997 2357 nnn‘prepinquo‚
1026 2263 1059 2333 δι
1085 2283 1177 2350 quae·

85 2421 92 2430 .
113 2383 198 2436 narn
215 2364 358 2448 mulier,
387 2364 491 2437 idest
512 2366 650 2454 anima,
677 2364 894 2459 hanelegem
914 2362 1180 2457 praetergredia·
1201 2447 1205 2459 Ι

113 2475 197 2549 tur,
225 2483 383 2553 quaenam
412 2485 505 2542 vero
532 2464 712 2537 observet.
764 2463 818 2534 Ut
847 2463 881 2534 se
908 2466 1042 2535 habent
1069 2463 1177 2556 igitur
1246 2480 1251 2488 ·

114 2560 288 2652 ejusmodi
314 2565 405 2649 loci,
441 2564 522 2656 post
546 2579 724 2645 mortuam
750 2583 791 2634 ac
822 2562 1062 2655 pessundatam
1089 2563 1177 2657 legis

108 2664 215 2755 juxta
242 2663 397 2735 litteram
426 2664 784 2755 interpretationem,
830 2663 991 2736 existimo
1026 2662 1179 2735 animam

113 2762 266 2851 aliquam
297 2778 424 2836 contra
449 2763 518 2835 Dei
543 2765 745 2835 mandatum
770 2760 840 2833 sese
867 2778 1072 2856 gerentem,
1099 2765 1180 2851 quae'

114 2859 274 2935 defundi
298 2882 392 2934 uxor
420 2878 523 2935 antea
549 2861 676 2952 fuerit,
706 2862 809 2953 eique
834 2858 967 2933 confisa
985 2862 1044 2941 srt.
1071 2864 1178 2952 plane

114 2963 172 3050 effe
191 2979 284 3045 extra
300 2966 413 3059 legem
431 2968 502 3032 vire
517 2969 781 3056 nonpropr'nque3
808 2963 950 3049 qllando
971 2959 1183 3032 scilicetdo··

116 3060 262 3136 {trinam
283 3064 411 3135 litterae
421 3062 713 3155 interpretationi
730 3061 1093 3148 minimeconsonam,
1119 3056 1181 3133 sed
1269 3067 1275 3082 “

114 3150 571 3280 ρίαηεεῑίοηψάηπίῑῑίῑ;
600 3166 619 3202 ⁴*
639 3162 658 3203 *
679 3162 839 3233 *litterae
849 3177 965 3234 autern
977 3162 1062 3255 legis
1073 3163 1181 3231 inter·

111 3266 276 3357 'pretatio
294 3259 505 3352 occidebat,
532 3284 600 3336 nee
617 3261 786 3353 spirituali
802 3262 870 3354 legi
890 3260 988 3335 srmul
1008 3280 1087 3332 cum
1109 3258 1182 3352 ipsa

116 3359 296 3436 habitanti
316 3365 452 3435 nubere
473 3365 691 3449 voluerunt,
719 3360 777 3432 sed
799 3382 878 3432 cum
891 3363 1005 3450 aliqua
1023 3356 1185 3433 taurina

120 3462 166 3534 ab
186 3474 336 3550 utraque
355 3465 487 3551 aliena,
513 3483 631 3554 neque
650 3463 725 3532 ullo
745 3460 1020 3553 propinquitatis
1034 3462 1184 3531 vinculo

120 3557 312 3651 conjuncta
344 3547 730 3654 consuescereffdliam
761 3575 880 3633 autem
908 3559 1059 3633 animam
1082 3560 1185 3651 juxta

119 3659 242 3733 Deum
262 3664 478 3754 viventem,
513 3671 662 3736 mortuo
680 3682 722 3732 ae
742 3659 922 3753 prostrato
939 3659 1061 3753 priore
1080 3662 1186 3734 viro.

121 3760 269 3833 minime
289 3761 447 3856 velleeffe
463 3777 577 3843 extra,
605 3760 644 3838 ὕ
662 3764 818 3830 virenon
835 3766 1028 3856 propinquo,
1054 3758 1112 3832 sed
1123 3757 1188 3827 ‘de-
1293 3827 1296 3834 ,

122 3856 238 3933 fundi
263 3851 395 3954 fratri,
431 3863 562 3954 quique
586 3860 685 3934 simul
705 3880 785 3933 cum
810 3858 1095 3933 cohabitaverat
1120 3871 1190 3927 nu:

123 3960 236 4057 bere,
265 3963 410 4054 quando
430 3962 500 4043 uiri
517 3961 622 4060 ipsius
639 3960 750 4037 irater
771 3960 815 4036 ad
827 3961 923 4039 illam
940 3958 1107 4036 accedit..
1135 3957 1188 4044 iro⁴

480 4078 483 4084 ’
1014 4074 1144 4144 KQ&
