2800 4567
173 361 177 376 ,
278 282 344 365 trs
366 271 741 366 norrnnon
776 279 1055 363 ronxvrr.
1123 305 1195 379 431

208 467 265 525 11.
289 448 399 524 Simul
415 467 509 522 vero
525 445 729 541 quefiverit
741 447 887 543 aliquis,
912 447 1053 540 quinam
1066 445 1103 520 hi
1118 441 1199 538 sont
1240 505 1243 514 ,

131 551 278 645 coloni,
305 551 365 643 qui
387 548 571 624 dixerunt:
600 548 851 644 leicestrae,
873 553 1001 628 venire,
1027 549 1198 617 occidamur

130 672 223 739 eem3
248 670 318 724 nec
332 649 426 724 eninr
448 669 529 723 eorn
550 662 719 742 tanquam
734 642 845 722 filium
860 645 1120 742 patrisfamilias
1137 647 1199 742 Ju-

131 754 231 829 daeos
252 745 421 823 occidiiie
437 746 566 822 videri.
616 747 675 818 Ac
700 746 804 841 super
828 749 882 821 his
908 749 1048 838 quidem
1076 749 1199 820 dicere
1299 781 1303 797 ›

131 866 242 948 queat
260 850 406 941 aliquis,
433 865 515 921 eum
532 845 630 921 fimul
647 846 923 940 colloquentes,
950 849 1110 937 quisnam
1136 847 1199 921 ille

130 950 232 1040 esset,
242 948 494 1040 disquirerent,
521 966 602 1020 eunr
619 942 690 1018 css'e
705 943 882 1021 Christum
897 946 1095 1018 nonnullos
1112 966 1199 1039 pro·

131 1048 323 1127 nuntirlie:
349 1047 404 1121 his
421 1060 541 1120 autern
552 1041 769 1139 respondill'e
782 1047 889 1138 alios,
908 1049 1049 1142 Clerrjius
1061 1071 1127 1114 cum
1142 1069 1198 1117 ve·

132 1157 240 1234 nerii,
267 1173 356 1217 nemo
374 1147 457 1237 scit,
480 1146 632 1242 rendefit,
659 1148 748 1215 hunc
763 1163 866 1216 aulem
877 1148 1010 1234 scimus,
1033 1149 1114 1215 unde
1133 1148 1197 1238 fin

133 1265 212 1324 turn
228 1248 368 1322 demunt
387 1242 695 1340 quoninmfignis,
722 1245 755 1317 ἃ
780 1246 971 1342 prodigiis,
998 1244 1031 1318 δι
1056 1245 1202 1317 virtuti·

133 1355 203 1426 bus
220 1348 351 1420 divinis
368 1345 537 1439 perenn,
562 1343 673 1437 ipsum
692 1345 834 1435 quidem
851 1343 1025 1418 Christum
1043 1345 1112 1417 Dei
1128 1344 1200 1420 elie

132 1443 356 1539 sentiebant,
372 1444 431 1518 sed
445 1446 590 1520 minime
606 1443 824 1536 fatebantur,
831 1464 957 1538 verum
973 1442 1074 1519 fuilie
1087 1445 1197 1519 illude

138 1552 342 1626 Verebamur
353 1547 464 1636 filiam
482 1564 604 1629 meum3
628 1563 791 1618 necnon
809 1545 845 1620 δι
861 1564 949 1618 vere
965 1545 1051 1618 illud
1068 1543 1200 1621 dietum

132 1647 259 1741 soille,
285 1644 474 1742 postquem
494 1641 606 1718 filium
622 1644 720 1717 hunc
740 1642 810 1717 elle
833 1660 1108 1741 cognoverunt:
1136 1637 1202 1717 Hic

136 1752 302 1848 ejiiares,
327 1753 456 1832 venire,
482 1745 653 1816 occidamus
670 1765 760 1831 οπως
784 1743 922 1818 idcirco
938 1746 1059 1820 dicere
1075 1746 1202 1817 ierva·

135 1863 275 1924 torem:
305 1848 351 1918 Et
370 1869 416 1915 me
428 1845 541 1933 sciris,
565 1841 606 1920 Θ
625 1843 707 1915 unde
717 1841 798 1938 fier,
814 1845 917 1934 scirit.
953 1846 1064 1944 Quod
1081 1844 1103 1917 fi
1122 1845 1203 1935 quis

136 1950 292 2023 animum
312 1944 355 2020 ad
373 1965 415 2018 er
433 1942 650 2032 adverterit,
674 1963 751 2036 quae
769 1944 815 2017 de
833 1941 981 2018 Herode
997 1943 1086 2017 dista
1103 1943 1201 2034 sunt,¹

135 2047 324 2145 postquam
344 2059 466 2118 nattm
484 2039 554 2117 effe
568 2041 773 2139 Judaeorurn
788 2064 827 2116 re
853 2067 908 2118 em
928 2045 1079 2143 aMagis
1101 2041 1205 2117 resci-

136 2149 216 2240 vit,
242 2137 473 2238 sospitatoris
490 2139 760 2234 interfectores,
776 2067 960 2239 poflquam
976 2141 1086 2217 filium
1106 2145 1206 2217 hune

94 2330 98 2335 ,
138 2246 211 2322 elie
223 2257 431 2336 noverunt,
456 2241 551 2316 haud
572 2240 672 2316 setus
694 2243 747 2316 illi
764 2242 914 2317 infidiari
929 2237 1084 2336 pot-oilie
1105 2264 1206 2318 corn-

135 2348 273 2443 periet:
322 2342 412 2418 eum
430 2341 556 2416 enimn
573 2341 706 2416 Scribis
727 2339 900 2417 didiciss'et
915 2342 1103 2434 Herodes,
1129 2339 1206 2420 nas·

139 2450 294 2521 citururn
315 2444 352 2515 in
368 2439 554 2516 Bethleem
577 2437 775 2531 Christum,
809 2446 939 2537 quique
965 2444 1142 2518 ibi'natos
1170 2465 1207 2516 es

132 2561 215 2638 rat,
241 2541 418 2620 Christum
435 2538 505 2615 ess‘e
525 2537 731 2635 offensriset,
758 2564 823 2617 eos
841 2544 984 2637 quidem
1001 2544 1125 2633 mittit,
1153 2544 1205 2617 di-

140 2666 247 2721 cens:
283 2648 355 2724 ree,
381 2644 420 2732 j&
441 2648 632 2734 interrogare
656 2645 822 2734 deligenter
843 2656 878 2714 oe
895 2668 1003 2738 puero,
1031 2663 1067 2714 ur
1091 2642 1130 2721 (5
1156 2665 1206 2738 ego

137 2755 275 2821 oensem
299 2747 424 2814 aierem
444 2765 533 2830 eum,
559 2739 791 2818 nihilominus
809 2743 1136 2836 tamen,postquarn
1151 2761 1206 2816 rc·-

140 2841 320 2921 cess‘crunt
338 2841 410 2932 illi,
435 2837 572 2914 infidias
597 2859 711 2932 puero
734 2838 881 2932 struxit,
910 2842 1086 2917 Christum
1107 2844 1208 2916 hune

138 2966 218 3023 non
239 2941 309 3017 elle
327 2943 473 3016 rninirne
497 2941 671 3029 credens;
704 2960 774 3014 nec
797 2942 834 3016 id
851 2941 945 3016 enim
969 2943 1112 3019 minime
1132 2959 1208 3016 cre·

141 3047 230 3122 dens
247 3048 359 3115 occidit
378 3065 484 3112 omnes
494 3059 631 3138 pueros,
657 3044 714 3137 qui
731 3060 826 3112 erent
845 3048 883 3114 irr
900 3045 1076 3130 Bethleem,
1103 3041 1143 3121 ὁ]
1168 3049 1206 3118 in

141 3145 283 3219 omnibus
293 3142 420 3236 finibus
440 3144 530 3236 ejus,
555 3141 712 3211 obimoiu
734 3142 773 3218 U
793 3140 905 3234 infra,
933 3146 1103 3230 secundum
1129 3162 1208 3214 rem·

135 3267 221 3346 pus,
247 3246 326 3342 quod
344 3239 527 3337 exquifierar
544 3267 564 3311 o
581 3243 712 3332 Magis:
737 3234 795 3320 sed
822 3243 856 3316 ἀ
882 3238 1058 3317 Christum
1082 3263 1101 3315 a
1123 3260 1208 3337 pro·

139 3343 260 3442 phetis
276 3339 479 3437 predictum
497 3323 598 3414 irunc
620 3335 689 3413 ess'e
707 3341 878 3435 credidit,
905 3363 1059 3434 eumque
1072 3338 1210 3417 interfi-

142 3463 228 3519 cere
245 3444 388 3533 voluit,
416 3442 638 3531 &quantum
659 3439 695 3512 in
714 3435 856 3530 felicit,
876 3442 1078 3520 interfecit.
1128 3441 1209 3517 Pari

141 3545 251 3643 igitur
273 3543 435 3632 ratione,
463 3538 523 3633 qui
547 3534 761 3633 sospitatori
788 3539 938 3616 insidiati
962 3541 1062 3634 sunt,
1088 3541 1210 3618 dicere

140 3657 365 3740 potuerunt,
390 3661 467 3713 non
489 3641 541 3714 ite
563 3652 703 3733 tamen,
727 3652 768 3712 ut
786 3640 830 3713 ed
851 3642 941 3716 alios
959 3639 1068 3736 usque
1090 3640 1207 3719 sermo

139 3743 299 3841 ipsorum
321 3741 552 3834 perveniret,
578 3742 732 3809 dixerunt
757 3738 851 3815 enim
880 3748 972 3813 intra
996 3747 1044 3824 se:
1081 3745 1144 3814 Hic
1170 3735 1211 3832 eſs

141 3847 259 3933 neres,
284 3861 354 3916 nec
378 3838 491 3914 secius
516 3852 637 3915 tenen
661 3831 774 3934 ipsum
798 3837 1022 3916 interfeciiie.
1074 3837 1208 3917 Occiso

142 3946 238 4070 eninr
252 3937 407 4023 christo.
425 3953 545 4035 oeqee
557 3935 852 4034 resurreetionem
862 3941 971 4042 ipllus
988 3939 1210 4112 cognogeen·

483 4109 485 4113 ⁷
1158 4086 1180 4126 s.
