2800 4567
310 301 778 384 trtnnnnnnuu
811 304 932 393 ron.
957 273 1107 388 xiv(
1157 329 1225 404 155

157 464 287 566 datur,
305 479 355 540 -ut
370 486 447 542 non
466 467 615 559 amplius
631 469 761 561 prioris
776 467 927 544 redoris
943 468 1122 546 familiaris
1135 469 1177 546 fit
1193 469 1228 544 dr

159 565 374 649 domeffica,
391 564 577 662 postquam
591 568 635 642 de
650 570 761 643 domo
775 570 869 641 illius
886 569 996 664 ejecta
1012 568 1082 662 est,
1097 570 1227 646 deinde

159 685 254 739 vero
273 666 420 763 epriori
439 668 550 740 dorno
566 666 707 742 extrusa
728 671 831 742 alteri
849 670 931 741 viro
947 670 1085 743 nubere
1100 670 1227 764 poffit,

160 765 306 859 &apud
321 788 403 841 eum
420 783 496 840 rem
522 763 616 840 suarn
634 767 828 841 infeliciter
842 789 989 865 gerere3
1015 790 1092 843 oon
1115 772 1228 873 modo

159 867 308 964 gratiam
326 885 448 941 coram
462 885 509 940 eo
524 888 600 939 non
613 868 821 952 inveniens,
848 869 1229 961 quemadmodum-nee

160 965 255 1058 apud
267 966 445 1059 priorem,
461 967 560 1057 quod
572 969 607 1039 in
620 989 661 1040 ea
672 967 812 1042 foeditas
823 970 1049 1058 inveniatur,
1066 967 1124 1044 sed
1136 971 1225 1042 odio

159 1067 269 1141 etiam
279 1067 323 1139 ab
336 1068 402 1138 illo
418 1067 559 1156 habita,
584 1088 730 1141 necnon
747 1072 790 1141 ab
803 1070 874 1144 hoc
885 1072 1001 1142 altero
1015 1069 1155 1143 libellus
1174 1070 1225 1143 illi

158 1166 301 1261 repudii
316 1164 438 1239 scribi:
453 1165 710 1262 &apostrerno
722 1170 932 1262 viro,aquo
943 1170 1101 1265 exipsius
1115 1169 1227 1244 domo

159 1264 354 1340 deturbata
369 1263 489 1370 est,ei
506 1268 543 1340 in
558 1289 682 1344 manus
709 1267 795 1344 dari.
846 1270 899 1341 At
926 1272 1087 1360 quamvis
1113 1269 1229 1344 audax

159 1366 202 1443 srt
226 1365 263 1439 tr
281 1366 468 1456 temeraria
484 1366 658 1461 quaestio,
696 1390 742 1442 an
762 1371 971 1464 angelorum
996 1370 1095 1459 vita,
1123 1385 1229 1460 qurnr

162 1486 246 1541 cum
267 1465 472 1541 hominibus
498 1482 626 1563 agunt,
649 1470 841 1544 mutationi
859 1470 901 1544 srt
925 1470 1108 1561 obnoxia,
1135 1469 1228 1543 adeo

158 1579 201 1642 ut
212 1580 390 1660 quatenus
404 1566 472 1637 illis
485 1568 675 1642 nobiscum
693 1571 892 1660 convenit,
910 1583 1057 1645 eatenus
1072 1572 1227 1643 rnorian·

161 1678 242 1760 tur,
271 1680 483 1742 cantamen
504 1668 629 1759 aliquis
650 1667 797 1743 forcalle
813 1682 1008 1766 proponat.
1061 1670 1229 1766 Quomo-

160 1767 492 1861 docunqueautem
514 1764 718 1859 schabest,
745 1789 861 1858 uxor,
888 1790 965 1861 quae
988 1769 1107 1845 virum
1132 1771 1231 1863 prio·

161 1886 237 1945 rem
258 1862 364 1966 semel
387 1866 515 1959 amisit,
535 1867 676 1944 adeum
693 1887 770 1942 non
788 1868 942 1959 redibit,
968 1870 1047 1941 Nan
1066 1868 1158 1964 enirn
1176 1888 1231 1964 po·

162 1967 243 2044 ierit
260 1972 351 2067 prior
372 1973 527 2054 maritus,
551 1987 661 2060 aquo
683 1966 816 2042 diniffa
831 1966 900 2053 est,
925 1969 1066 2053 reversus
1076 1969 1230 2063 Μύρινα
1287 2015 1289 2020 -

161 2092 227 2141 tam
255 2071 293 2138 in
317 2079 463 2153 uxorem,
489 2068 643 2164 postquam
667 2068 789 2163 polluta
813 2068 863 2166 ιβ.
915 2069 977 2154 sin
994 2069 1037 2141 ad
1059 2068 1095 2140 id
1118 2070 1230 2144 emol-

159 2166 319 2247 liendum
334 2167 430 2239 libro
455 2167 507 2242 uti
524 2166 754 2259 audebimus,
782 2171 841 2259 qui
868 2168 904 2255 in
919 2167 1067 2243 ecclesia
1087 2170 1229 2262 quidem

162 2265 437 2357 circumfertur,
465 2262 523 2339 sed
544 2268 588 2343 ab
605 2267 772 2342 omnibus
795 2288 862 2359 pro
879 2267 1007 2341 divino
1024 2287 1100 2340 non
1123 2268 1231 2342 habe·

163 2380 240 2459 tur,
267 2364 355 2440 illud
375 2365 626 2457 adhibeamus,
652 2367 751 2458 quod
765 2367 802 2442 in
815 2368 913 2457 libro
933 2365 1083 2461 pastoris
1096 2365 1140 2440 de
1157 2368 1232 2458 qui·

163 2467 311 2545 busdam
327 2465 500 2544 traditur,
523 2465 708 2557 quistatim
723 2480 830 2560 atque
842 2464 948 2541 fidem
962 2468 1115 2558 amplexi
1129 2464 1231 2562 sunt,

163 2564 337 2646 Michaeli
355 2563 589 2657 subjiciuntur
607 2565 666 2642 sed
684 2582 836 2660 propter
859 2568 1060 2660 voluptatis
1080 2563 1232 2642 lludiunr'

164 2668 257 2746 illius
281 2666 395 2742 tutela
416 2685 458 2739 ac
477 2666 684 2758 patrocinio
704 2668 897 2756 excidunt,
924 2667 1029 2759 licei,
1047 2669 1105 2757 qui
1132 2668 1232 2742 luxui

166 2768 197 2843 ds
212 2764 373 2855 deliciis,
392 2764 519 2848 deinde
533 2786 629 2838 vero
643 2766 764 2855 alteri,
779 2768 838 2856 qui
856 2788 969 2857 poenae
982 2787 1023 2840 ac
1035 2765 1233 2859 suppliciis,

167 2884 274 2962 etque
301 2865 334 2940 ei
352 2862 602 2957 postmodum,
629 2866 690 2959 qui
710 2866 929 2958 poenitentiae
955 2864 1141 2959 profedlus
1162 2864 1233 2957 est,

165 2967 377 3047 subduntur.
428 2964 542 3036 Vides
560 2965 653 3039 enim
668 2985 843 3054 uxorem,
862 2985 940 3055 quae
960 2963 1065 3039 semel
1084 2966 1181 3062 luxui
1196 2964 1234 3054 sa

166 3067 287 3156 dedit,
316 3064 464 3138 animam
487 3064 680 3156 videlicet,
708 3064 751 3135 ad
773 3064 930 3157 priorem
949 3065 1097 3157 amplius
1118 3061 1236 3142 resto·

166 3184 336 3242 remnon
353 3163 491 3254 redire,
509 3160 567 3238 sed
586 3163 618 3236 dt
637 3162 767 3241 inflidla
783 3184 887 3257 poena
903 3164 1006 3238 alicui
1027 3162 1146 3249 subdi,
1174 3165 1235 3257 qui

162 3265 349 3348 Michaele
365 3262 516 3335 inferior
532 3262 594 3353 stt3
616 3285 663 3337 eo
676 3264 832 3352 sedenim
846 3263 999 3339 inferior
1014 3263 1064 3338 est
1077 3265 1158 3357 ille,
1173 3266 1236 3356 qui

166 3363 388 3466 prenitentiae
405 3381 526 3438 curam
543 3365 646 3457 gerit.
705 3363 835 3437 Danda
861 3363 969 3461 igitur
994 3367 1101 3440 nobis
1125 3385 1238 3458 opera

167 3465 239 3556 est,
267 3484 315 3538 ne
340 3463 469 3554 quain
494 3463 601 3539 nobis
626 3461 767 3539 foeditas
793 3463 1015 3556 reperiatur,
1049 3463 1083 3538 dr
1110 3485 1236 3542 coram

168 3562 336 3650 Christo,
364 3562 504 3656 quivis
529 3560 605 3654 est,
631 3564 692 3639 vel
719 3582 840 3646 coram
867 3562 996 3657 angelo
1021 3565 1127 3637 nobis
1149 3585 1237 3659 prae·

168 3661 265 3742 fello
283 3660 431 3757 gratiam
449 3681 526 3735 non
541 3663 788 3740 inveniamusc
814 3682 893 3738 narn
914 3661 938 3739 sr
955 3661 1239 3759 indiligentiores

168 3763 366 3852 fuerimus,
392 3761 551 3838 libellum
573 3761 722 3840 sortalle
742 3762 882 3855 repudii
899 3782 968 3835 nos
985 3783 1132 3860 quoque
1150 3767 1242 3841 recia

170 3868 326 3965 piemus,
349 3861 382 3938 dr
401 3861 462 3936 vel
472 3861 614 3940 rectore
628 3861 878 3954 viduabimur,
895 3865 955 3936 vel
965 3866 1067 3940 alteri
1079 3864 1160 3937 viro
1171 3883 1241 3941 noa

174 3962 455 4066 applicabimus:
480 3983 551 4065 ego
568 3983 660 4040 vero
674 3957 921 4062 inauspicato,
939 3960 973 4040 ds
988 3964 1111 4142 scalig,
1134 3978 1176 4039 ut
1192 3966 1246 4044 ita

1092 4078 1227 4164 reama
