2800 4567
232 293 331 392 :m
352 311 728 420 Marrnmum
761 255 881 394 ron}
906 311 1026 396 mv,
1100 319 1170 412 165

141 493 166 552 n·
193 474 260 567 itt,
284 477 329 549 -ei
355 479 535 553 licentiam
561 481 786 571 concedens,
814 471 1046 572 quaecumque
1070 481 1166 573 v'ult,

141 577 263 668 endi,-
276 577 309 649 dr
324 597 403 651 curn
421 581 548 671 quibus
560 582 711 654 libitum
725 580 841 653 fuerit
853 582 957 666 viris,
979 581 1169 656 amicitiam

141 677 362 767 retrahendi,
390 700 470 753 nam
489 682 652 754 virorum
677 680 878 773 srmplicitaa
904 699 1038 775 uxores
1064 679 1168 771 sepe·

141 797 254 850 tmero
281 778 315 849 in
340 778 590 871 hujuscemodi
612 796 765 874 peccata
789 779 945 853 inducit:
984 791 1021 852 at
1045 777 1172 863 ut'rum

141 875 233 948 libus
259 878 345 949 viris
372 879 407 951 in
432 880 607 969 ejusmodi
624 881 759 954 casibus
776 880 818 953 bt
840 894 909 953 net
930 899 976 954 ne
993 875 1042 952 sui
1059 898 1167 974 excu-

141 976 195 1048 rdi
210 976 335 1066 locus,
362 978 397 1049 id
417 976 520 1070 super
539 978 790 1071 questionibus
813 979 959 1052 anobis
983 978 1055 1050 hoc
1075 980 1163 1052 loco

141 1075 293 1171 oposrtis
314 1079 502 1175 diligenter
517 1102 536 1151 a
553 1095 591 1152 te
607 1078 858 1175 investigatum
872 1077 1077 1153 declarabis.
1128 1077 1163 1150 la

141 1196 269 1268 mque,
296 1176 355 1267 qui
372 1197 486 1252 uxore
500 1178 674 1271 abstinet,
703 1179 812 1252 efficit
831 1180 941 1272 saepe,
966 1193 1008 1250 ut
1026 1177 1164 1263 adulte,-

141 1297 189 1350 tm
218 1278 444 1368 committat,
484 1300 563 1351 curn
596 1280 672 1371 eJus
704 1281 886 1352 libidinem
919 1298 997 1352 non
1023 1279 1161 1371 explet,

141 1374 232 1448 lamii
247 1377 390 1467 majoris
411 1376 685 1471 sandlimoniae,
705 1382 765 1452 vel
785 1378 952 1452 castitatis
968 1376 1084 1472 spccie
1099 1376 1162 1450 du·

141 1495 174 1547 ts
195 1476 234 1547 id
255 1475 380 1549 faciat:
407 1477 440 1549 dr
459 1479 489 1549 is
508 1477 652 1553 fort‘affe
668 1480 796 1571 majori
818 1478 1097 1573 reprehensrone
1113 1473 1163 1548 dr·

141 1571 276 1665 usest,
302 1577 386 1667 qui,
414 1592 584 1669 quantum
601 1599 711 1673 penes
724 1577 757 1652 se
774 1578 846 1672 est,
871 1576 997 1670 efficit,
1021 1592 1062 1649 ut
1075 1598 1160 1650 mm·

142 1690 227 1748 etur
257 1675 437 1750 libidinem
463 1679 540 1769 ejus
565 1698 641 1752 non
668 1680 854 1771 explens,
873 1698 975 1770 quam
1002 1676 1161 1767 quisine

141 1772 198 1847 usa
224 1772 355 1869 stupri,
392 1777 449 1849 sed
475 1792 626 1871 propter
651 1778 888 1868 veneficium,
925 1778 987 1851 vel
1012 1774 1159 1866 caedem,

141 1889 155 1948 t
174 1876 321 1971 gravius
338 1877 483 1967 aliquod
503 1877 640 1950 facinus
659 1899 736 1952 eam
759 1878 974 1971 repudiavit
1026 1876 1163 1971 Quem·
1245 1883 1247 1888 ’

141 1973 288 2047 modurn
307 1989 425 2050 autem
443 1977 602 2051 adultera
628 1976 679 2050 est
704 1999 818 2069 uxor,
846 1975 978 2052 etiamfi
1001 1977 1084 2047 viro
1111 1976 1159 2047 al·'

141 2075 164 2146 .·i
182 2087 297 2167 nupta
322 2076 508 2168 videatur,
540 2079 660 2169 priore
686 2079 879 2151 etiamnum
903 2078 1017 2164 viv03
1050 2076 1100 2147 ita
1126 2074 1162 2146 bc

141 2194 216 2247 mm
232 2176 452 2266 repudiatam
472 2175 606 2249 duxiile
626 2175 761 2266 visum,
786 2197 862 2249 non
880 2191 951 2250 tam
965 2175 1070 2268 ipsius
1090 2196 1162 2248 ma·

141 2295 227 2367 um,
253 2294 358 2365 quam
378 2275 576 2372 adulterum
597 2274 668 2350 elie
683 2277 897 2369 dicendum,
923 2296 943 2348 a
962 2274 1161 2348 servatore

142 2372 221 2447 stro
249 2374 528 2450 demonstratum
553 2375 614 2453 est.
1122 2379 1126 2386 '

173 2494 232 2563 25.
257 2472 385 2548 Postea
420 2496 512 2548 vero
547 2476 872 2551 animadvertentes
906 2468 1034 2547 Christi
1064 2470 1163 2560 disci·
1226 2479 1228 2484 ’

141 2572 192 2666 li,
220 2594 323 2666 quam
346 2575 449 2649 multi
470 2576 508 2648 in
529 2578 704 2674 conjugiis
723 2576 820 2650 casus
840 2572 979 2648 oboriri
1003 2570 1160 2667 pollent,

141 2694 191 2746 os
209 2678 267 2746 vir
280 2670 448 2747 sustinere
467 2675 616 2770 debeat,
634 2696 676 2749 ac
692 2675 831 2751 summis
849 2673 1001 2768 proinde
1015 2668 1163 2746 difficul-

141 2775 230 2848 :ibus
250 2774 284 2845 dc
300 2774 467 2866 periculis
488 2774 652 2871 defungi,
678 2778 738 2848 vel
754 2795 819 2848 eos
838 2794 915 2846 non
933 2770 1163 2864 sustinentem

148 2871 280 2946 Christi
299 2874 463 2947 mandata
479 2894 655 2968 peccare,
682 2876 726 2946 acl
748 2875 949 2946 crelibatum
967 2869 1059 2961 quast
1077 2868 1163 2941 faci·

141 2994 250 3067 trem,
289 2970 585 3054 &matrimonio
617 2974 800 3050 utiliorem
834 2970 1085 3067 confugientes
1111 2969 1162 3040 di·

141 3089 206 3148 nt:
232 3075 273 3145 Si
287 3076 337 3145 ita
351 3074 488 3171 estcauja
506 3075 646 3146 hominis
660 3100 728 3144 rum
746 3099 861 3161 uxore,
886 3096 951 3142 non
966 3071 1087 3166 expedit
1099 3093 1176 3139 nra·x
1241 3167 1243 3172 ‚

141 3201 178 3248 re.
229 3170 403 3245 Servator
422 3195 514 3248 vero
532 3176 699 3250 omnibus
717 3173 913 3249 absolutam
929 3170 1085 3271 numeris
1106 3189 1163 3240 ca·

141 3289 254 3349 tatem
268 3273 403 3347 donum
421 3273 491 3346 Dei
507 3273 660 3348 elienor
676 3273 855 3364 edocens,
875 3292 950 3346 non
960 3268 1035 3365 ipsa
1049 3269 1162 3343 solum

141 3372 362 3449 ¹ercitatione
389 3376 691 3467 comparandum,
732 3373 791 3448 sed
818 3374 984 3466 precibus
1010 3371 1115 3442 etiam
1141 3388 1162 3440 a

141 3497 183 3550 eo
204 3473 487 3566 impetrandum,
514 3474 557 3547 ad
576 3474 611 3548 id
628 3475 705 3548 hec
726 3475 865 3548 retulit:
892 3475 969 3545 Nou
986 3493 1086 3540 omnes
1107 3495 1164 3538 ca·

141 3594 193 3651 mr
205 3574 337 3646 verbum
352 3572 446 3670 r'Jlud,
469 3573 641 3671 sedquibus
656 3578 765 3645 darum
777 3575 826 3669 efl.
880 3571 1055 3644 Praeterca
1072 3588 1162 3659 quo-

141 3701 190 3753 am
203 3679 279 3751 hec
290 3673 523 3746 'criminantur
536 3675 718 3758 nonnulli:
732 3674 985 3767 Quidamtamen
999 3670 1050 3765 eft,
1067 3665 1162 3759 quafi

141 3777 366 3851 :cusationem
378 3772 552 3867 habeant,
579 3775 639 3868 qui
655 3774 908 3867 cupiditatibus
924 3768 1009 3844 victi
1022 3779 1162 3843 morem

141 3892 249 3961 runt,
274 3877 312 3949 in
338 3873 503 3945 coelibatu
523 3873 616 3948 caste
634 3895 738 3970 agere
761 3876 919 3966 vellent,
944 3868 1163 3963 responden·

141 4001 184 4056 tm
201 3979 275 4063 est,
298 3971 426 4047 frustra
444 3972 519 4047 haec
535 3974 632 4070 carpi
649 3977 812 4051 anobis:
839 3975 901 4047 Sed
921 3971 1035 4073 quidus
1052 3970 1166 4038 dotum

623 4073 676 4153 ··-L
703 4098 725 4175 3
837 4143 839 4147 Α
1065 4067 1141 4163 ,rba
