2800 4567
311 299 399 396 'nv
423 300 797 394 Maritimum
832 315 952 396 von.
974 301 1097 397 xvi.
1175 331 1244 414 ms

193 443 298 575 quam
324 507 408 553 ainus
435 488 598 554 Dominus
622 480 744 555 noster
770 478 865 579 Jesats
880 482 1059 580 Christus,
1081 499 1249 582 par'qttm

188 610 314 675 omina,
341 585 398 654 cui
423 583 660 677 refragaturus
685 603 794 655 nemo
818 592 894 656 er'at
916 605 961 655 ex
977 585 1042 673 iit,
1068 586 1128 674 qui
1143 585 1249 658 dicc-

185 686 294 756 baute
312 687 408 774 ,Quid
417 683 550 770 solvitis
563 676 706 777 pustino?
732 684 790 754 vel
813 683 905 755 aliud
921 683 1113 774 quidlibet,
1138 684 1248 759 mani·

186 773 316 858 festum
336 783 405 869 est3
432 804 511 854 nam
530 781 623 873 quast
643 782 787 856 minime
808 781 1025 857 adversaturi
1042 781 1172 875 essent,
1197 781 1253 870 dh.

187 884 244 957 xit
266 885 456 966 Servatot:
488 885 534 952 Et
547 883 578 977 fi
606 892 678 980 quis
708 884 793 952 votis
821 886 940 982 aliquid
968 885 1101 970 dixerit,
1136 885 1248 974 dicite,

146 987 267 1080 ,quia
285 987 440 1052 Dominus
458 984 511 1051 lais
530 1005 601 1077 opus
621 984 731 1070 habet,
756 984 835 1055 vel:
862 987 987 1081 Siquis
1003 986 1091 1053 vobis
1107 985 1247 1058 dimite

187 1086 300 1175 Quare
315 1083 440 1170 fhluitis
456 1080 601 1177 poium?
623 1086 737 1173 dicite,
764 1087 837 1180 quia
855 1086 978 1155 domino
992 1081 1172 1176 neceffirrius
1184 1084 1225 1179 eft
1231 1104 1246 1172 3

186 1183 250 1253 vei
277 1183 571 1273 quemadmodum
593 1185 641 1255 ait
662 1183 793 1255 Lucas:
819 1187 860 1255 Si
873 1189 1011 1282 quisvis
1034 1191 1246 1279 interrogovi-

187 1287 256 1354 rit:
279 1286 390 1376 Qum
399 1284 526 1370 solvitis
542 1279 683 1377 pullum?
699 1283 744 1377 fic
767 1284 876 1356 dicetis
894 1291 943 1358 ti:
970 1289 1059 1384 Quia
1087 1289 1246 1356 Dominus

185 1404 308 1478 operam
322 1377 392 1479 'ejus
410 1384 569 1480 dqiderar.
635 1385 785 1480 Quaeres
812 1385 940 1475 etiam,
968 1407 1034 1466 an,
1053 1386 1246 1479 ‚postquam

185 1482 449 1583 jerosolymam
465 1485 646 1576 pervenit,
662 1482 697 1570 dt
713 1504 779 1555 eos
797 1484 855 1555 vel
871 1505 951 1558 eum
971 1484 1144 1557 Servator
1160 1507 1249 1560 con·

183 1583 461 1676 -scendit,aiiqua
477 1580 553 1656 fieri
567 1584 722 1657 debebat
738 1581 848 1684 missio
864 1584 908 1662 ad
916 1583 1145 1677 necessarium
1158 1588 1246 1660 loco

186 1683 274 1758 huic
299 1703 391 1776 opus
412 1683 472 1774 qui
523 1687 613 1772 iam3
638 1697 686 1755 ut·
691 1685 793 1774 juxta
808 1684 862 1772 id,
890 1684 987 1774 quod
1010 1685 1150 1758 silentio
1171 1687 1247 1776 qui·

186 1784 269 1856 dem
294 1784 468 1876 pr'aetermi
521 1805 555 1856 m
579 1783 653 1876 est,
677 1781 735 1856 sed
759 1785 989 1858 nihilomiuus
1012 1781 1247 1879 significatur,

185 1884 275 1955 iicet
292 1902 370 1956 non
384 1897 527 1978 aperte,
553 1881 659 1976 opti*
667 1885 810 1972 aliquod
832 1885 992 1962 facerent
1013 1885 1103 1957 asna
1121 1886 1154 1957 st
1170 1885 1248 1978 pul·

188 1984 257 2056 lus.
308 1982 350 2055 id
368 1981 460 2054 adeo
476 1981 562 2056 mihi
585 1983 795 2080 iqmentem
815 1983 971 2078 suggeffit
989 1985 1248 2060 beatitudinum

188 2083 285 2154 ordo
307 2084 345 2154 in
368 2081 559 2177 evangelio
580 2079 772 2158 iucundum
788 2081 1002 2161 Matthaeunt
1020 2085 1246 2178 propoitue,

185 2184 226 2255 in
243 2183 370 2274 quibua
386 2181 466 2276 post
483 2179 590 2272 illude
613 2181 709 2256 uait
723 2204 871 2277 pauperes
890 2187 1181 2286 spirituquoniam
1199 2191 1247 2280 tp-

180 2284 287 2378 sorum
306 2282 344 2380 efl
362 2305 489 2376 regnum
500 2283 656 2370 cahem,
682 2284 853 2384 deincept
878 2284 914 2358 id
938 2282 1104 2376 seriptum
1125 2297 1244 2360 extatt

184 2386 283 2458 Beati
299 2387 411 2469 mites,
435 2387 584 2481 quoniam
601 2379 792 2479 poffid‘ebunt
811 2399 949 2460 mrum:
980 2385 1038 2458 hic
1061 2384 1154 2460 enim
1177 2386 1245 2460 ob·

167 2483 313 2574 serva,
339 2502 463 2556 eorum
481 2487 597 2577 primo
613 2482 683 2558 esse
699 2504 845 2579 regnum
864 2486 1051 2576 coelorum,
1073 2487 1132 2577 qui
1149 2485 1249 2560 beati

172 2582 440 2679 praedicantvr,
455 2583 488 2655 dt
504 2581 597 2675 ipsos
615 2583 743 2656 deinde
759 2597 888 2670 terram
907 2583 1144 2675 possessurum
1170 2605 1248 2662 non

187 2681 282 2774 quasi
308 2703 374 2776 per
401 2703 509 2757 omne
531 2703 649 2756 aevum
674 2682 779 2775 super
799 2705 874 2758 eam
893 2683 1004 2758 futuri
1027 2687 1117 2778 smt,
1143 2706 1246 2776 nam,

188 2781 376 2875 postquam
395 2781 564 2856 solamine
578 2781 714 2858 fiterint
728 2785 860 2876 levati,
881 2783 1247 2954 &spropterenquod

187 2881 394 2974 esurierint,
421 2879 453 2953 ἃ
474 2881 649 2954 sitiverint
668 2880 855 2974 J'ustitiam,
880 2882 916 2978 ip
933 2882 1081 2955 asatiati
1100 2882 1247 2958 &mise-

187 2980 379 3056 ricordiam
406 2980 589 3052 consecuti
614 2980 768 3066 suerint,
795 2981 828 3053 dt
853 2979 971 3056 Deum
995 2984 1172 3075 viderint,
1195 2984 1248 3077 ip·

185 3081 326 3172 itusque
340 3077 400 3154 tut
419 3083 540 3153 vocati
555 3080 710 3172 fuerint,
735 3077 852 3154 rursus
867 3083 1042 3157 coelorum
1058 3101 1172 3179 reguo
1189 3100 1248 3156 rc·

185 3181 389 3258 stituentur.
442 3181 600 3274 Quodsi
625 3180 718 3254 afiua
740 3180 772 3252 dt
791 3181 930 3278 pullus,
956 3202 1048 3276 quos
1073 3183 1246 3256 Servatur

191 3277 421 3370 conscendit,
449 3281 471 3351 ii
493 3280 587 3369 sunt,
613 3301 705 3370 quos
722 3280 894 3374 diximus,
920 3303 1033 3374 cave,
1060 3304 1107 3356 ne
1131 3284 1168 3357 in
1192 3304 1255 3356 ra·v

188 3383 292 3455 tione
307 3383 502 3455 carentium
519 3382 769 3454 veterinorum
785 3382 984 3458 animalium
1001 3404 1079 3456 cum
1096 3383 1152 3474 iis,
1172 3384 1247 3474 qui·

164 3565 168 3572 „
188 3483 258 3555 bua
278 3479 403 3553 vestus
419 3482 487 3554 fuit
504 3479 700 3572 servator,
726 3484 1033 3574 computationem
1055 3484 1249 3577 impingant

189 3582 365 3672 ejusmodi
385 3582 478 3654 enim
500 3578 644 3652 sortasse
668 3580 845 3673 quidpiam
867 3583 985 3657 animo
1001 3581 1145 3656 versans
1160 3581 1250 3656 Pto-

188 3683 317 3774 pheta,
342 3680 376 3754 se
399 3683 598 3770 jumentum
624 3680 838 3770 dixit‚non
863 3681 1004 3775 quidem
1020 3681 1246 3776 simpliciter,

188 3779 247 3854 sed
267 3778 360 3871 apud
378 3779 516 3871 Deum,
544 3782 602 3852 vei
621 3780 714 3873 apud
730 3775 925 3875 Christum,
951 3782 1005 3855 his
1023 3783 1163 3856 verbis:
1200 3783 1248 3854 Et

188 3905 237 3975 ego
256 3885 433 3978 jumentum
451 3879 563 3970 soiius
582 3881 651 3968 [vm
670 3881 754 3976 opud
772 3897 828 3971 tet,
847 3901 928 3958 nam
949 3883 1045 3973 ejus,
1073 3883 1132 3971 qui
1154 3880 1247 3954 Ver-

189 3981 275 4062 bum
299 3977 411 4079 ipsum
436 3977 505 4079 est,
523 3979 565 4056 ’δι
585 3979 872 4159 DciYmajcstatit
899 3983 1062 4073 ratione,
1086 3982 1247 4071 jumenta

725 4100 745 4178 ς
1130 4098 1223 4153 pou
