2800 4567
315 275 379 352 ru
403 274 777 354 murrumuu
805 273 929 349 rou.
955 239 1091 351 irum
1163 296 1235 371 503
1324 271 1329 288 ⁴

162 437 310 534 quoda
338 438 534 513 Salomone
553 436 683 518 ditium
710 434 787 514 est:
824 439 934 532 Dilige
955 461 1022 509 eam
1048 435 1088 514 di
1112 438 1233 529 conser-

162 543 260 611 vabit
278 560 328 609 re:
355 542 412 610 vir
429 553 549 624 autem
570 539 675 632 ipsius
692 538 838 627 Sapiens
858 535 918 612 est.
969 538 1122 635 Quodsi
1142 559 1231 634 ergo

160 640 266 717 nullo
285 659 329 710 ex
350 638 529 731 Sapientia
552 642 676 734 genito
695 637 806 726 foetu,
834 659 878 708 ex
899 634 965 710 h'nc
983 640 1058 710 vita
1077 638 1232 712 decelle·

160 741 213 812 rit
232 737 399 830 Sapiens,
427 741 486 829 qui
505 760 584 812 cum
602 737 677 830 ipso
702 757 771 810 una
793 737 1010 816 habitaverit
1034 736 1167 832 frater,
1193 739 1231 812 in

161 838 363 928 eademque
383 839 638 927 conquieverit
666 837 854 927 doctrina,
889 836 1003 909 eidem
1026 836 1162 930 praeiit,
1189 848 1232 930 ut

162 958 214 1012 ex
239 937 420 1030 Sapientia
439 937 600 1010 nascatur
630 938 754 1027 aliquis
781 938 930 1031 gloriam
959 939 991 1009 ei
1018 938 1232 1009 conciliatu·

160 1039 333 1130 tumui
347 1059 392 1110 ex
408 1038 482 1111 hoc
499 1038 673 1111 convidlu
692 1038 780 1108 foetu
795 1056 870 1109 non
883 1036 1008 1108 relicio
1028 1035 1228 1111 excelierit.

162 1137 321 1236 Quodsi
346 1136 488 1211 relidius
508 1136 619 1211 frater
645 1136 816 1210 dodlrinae
834 1137 917 1208 huic
939 1134 1110 1230 pratella,
1139 1157 1231 1208 eam·

163 1255 236 1328 que
255 1236 348 1310 tueri
373 1238 563 1329 noluerit,
597 1237 793 1333 ignominia
817 1233 989 1311 afficietur
1008 1257 1028 1309 a
1050 1234 1232 1328 Sapientia
1272 1283 1275 1290 -

140 1401 143 1412 .
161 1333 278 1432 ipsum
288 1335 432 1409 dimidia
445 1350 583 1412 tantum
598 1359 640 1409 ex
653 1352 754 1429 parte
772 1339 1029 1417 excalceante:
1054 1358 1122 1409 nec
1136 1336 1231 1407 enim

140 1455 250 1518 upon-
269 1436 532 1508 excalceabitur
554 1437 729 1529 ejusmodi
752 1436 891 1511 homo,
931 1454 1048 1525 neque
1077 1436 1229 1508 omnino

164 1536 443 1611 excalceabitur.
493 1536 545 1607 Ut
561 1538 803 1631 autemlegem
822 1536 937 1609 virum
954 1530 1133 1626 mulieris,
1158 1536 1241 1606 ani--

163 1655 232 1711 mae
256 1632 419 1725 seilicet,
453 1655 499 1706 ex
523 1636 697 1730 scriptura
721 1636 791 1706 dici
818 1638 1042 1727 probemus,
1066 1635 1162 1710 hunc
1183 1653 1229 1705 ex

169 1729 320 1827 epistola
342 1732 386 1807 ad
404 1732 590 1808 Romanos
608 1755 854 1834 proponemus
874 1735 1018 1825 locum,
1044 1734 1104 1825 qui
1125 1729 1227 1805 itale

169 1836 299 1908 habet:
323 1840 380 1905 An
404 1840 575 1927 ignoratis,
598 1835 746 1929 fratres,
773 1835 964 1925 (scientibus
981 1837 1066 1908 enim
1080 1832 1229 1927 legemle-

165 1932 265 2032 quor)
284 1942 359 2027 quia
384 1934 435 2004 lex
460 1941 496 2004 in
529 1936 652 2005 hoerine
679 1937 860 2007 dominetur
877 1951 995 2032 quanto
1018 1933 1228 2030 tempore-vi·

163 2039 245 2103 viel
271 2033 304 2105 ἀ
323 2047 478 2125 caetera,
503 2051 616 2123 usque
631 2033 673 2107 ad
689 2035 751 2106 id.-
776 2038 816 2105 Sr'
828 2032 943 2125 'fuerit
962 2057 1031 2101 cum
1054 2036 1116 2104 alio
1134 2036 1227 2102 viror
1325 2118 1329 2131 ι

163 2130 448 2207 Plurimarutem
464 2154 484 2205 a
499 2136 605 2207 nobis
621 2136 657 2206 in
677 2135 774 2205 hunc
792 2135 914 2207 locum
926 2130 1015 2207 dieta
1034 2128 1126 2222 sunt,
1146 2149 1229 2201 curn

163 2234 203 2307 in
236 2230 365 2305 nostris
400 2232 437 2304 in
475 2232 659 2328 epistolam
676 2235 729 2310 ad
742 2232 933 2312 Romanos
960 2230 1228 2310 commentariis

163 2329 278 2428 ipsum
297 2336 624 2427 interpretaremur.

243 2451 299 2523 33.
326 2432 501 2528 Quamvis
514 2448 631 2507 autem
646 2433 723 2509 haec
739 2450 804 2528 par
821 2429 1065 2529 digreslionem
1084 2428 1227 2502 anobis

164 2528 434 2604 videanturelle
445 2531 555 2626 dicia,
582 2533 624 2606 ad
641 2534 883 2607 elucidandam
894 2546 1013 2606 tamen
1028 2527 1241 2630 Mosaicam

163 2634 280 2726 legem
299 2632 440 2723 prolata
454 2631 543 2721 fint,
570 2653 673 2723 quam
693 2634 844 2706 citantes
856 2630 1036 2705 Sadducaei
1055 2628 1228 2704 Servato-

162 2745 241 2832 rent
260 2732 531 2825 interrogabant
541 2732 721 2804 dicentes:
748 2733 871 2826 Moyses
885 2735 987 2801 dixit:
1014 2732 1054 2798 Si
1063 2733 1132 2824 quis
1147 2748 1242 2795 more

163 2848 241 2912 tuus
255 2829 363 2921 [uerit
382 2855 448 2900 non
466 2832 715 2923 helcnsfilium,
742 2832 939 2921 &reliqua
988 2825 1154 2923 Agedum
1166 2847 1229 2897 ve·
1248 2863 1250 2868 ·

165 2949 212 3001 ro
230 2925 402 3019 reliquam
424 2930 503 3022 post
523 2932 582 3004 illa
612 2932 790 3027 evangelii
809 2945 946 3027 partem
972 2930 1225 3015 enucleemus,

168 3050 247 3121 quae
267 3030 350 3104 inde
369 3032 530 3108 orditur.
566 3032 674 3104 Erunt
698 3049 804 3101 aurem
830 3031 911 3125 apud
926 3023 928 3028 ’
945 3053 999 3098 nos
1016 3028 1134 3123 septem
1150 3024 1226 3116 fra-

167 3147 250 3215 tres,
278 3133 316 3205 (5
329 3137 450 3224 primur
473 3155 568 3201 uxore
587 3128 700 3219 dulia,
726 3132 895 3223 defunditis
915 3128 973 3224 epi,
1001 3122 1225 3217 &quaesunt

166 3229 350 3321 deinceps.
401 3229 501 3302 lsaias
526 3231 667 3323 quidem
686 3233 734 3303 ait
750 3232 786 3303 in
805 3230 1015 3324 prophetia:
1040 3226 1227 3328 Appredeu·

166 3333 246 3401 deur
267 3333 382 3425 septem
406 3334 552 3401 mulieres
578 3339 685 3401 virum
720 3356 818 3401 unum
844 3329 1043 3411 luditilla,
1069 3330 1225 3396 dicantes:

170 3435 288 3506 Patrem
312 3431 447 3528 uestrum
474 3433 673 3517 comedentur,
701 3431 741 3508 (5
763 3432 957 3527 vestimentis
976 3429 1092 3525 nostrii
1110 3429 1226 3520 operie-

167 3558 259 3615 mur,
288 3532 499 3602 tantummodo
518 3541 682 3603 invocetur
697 3558 807 3603 nomen
819 3549 909 3601 tuum
925 3531 1015 3622 [uper
1030 3552 1105 3620 ipos,
1131 3524 1227 3602 aufer

167 3633 339 3727 opprobium
358 3633 505 3729 iustum.
558 3632 783 3704 decedentes
800 3647 918 3701 antem
931 3628 973 3699 ad
993 3621 1238 3703 Servatotem'

165 3732 324 3806 nostrum
345 3731 548 3823 Sadducaei,
572 3733 615 3803 de
633 3728 766 3824 septem
785 3733 891 3818 viris,
918 3727 975 3819 qui
992 3748 1097 3801 unam
1119 3726 1227 3809 duxe·
1312 3723 1324 3743 “

167 3849 247 3905 rant
259 3852 422 3922 uxorem,
448 3834 647 3925 prophetie
663 3832 844 3903 contraria
859 3830 993 3901 dicunt:
1019 3824 1227 3920 figmentum

168 3949 287 4009 autem
309 3933 452 4010 videtur
472 3930 541 4005 elle
562 3931 707 4026 questio
719 3950 869 4025 eorum,
894 3930 1021 4022 quibus
1036 3926 1227 4099 idfipropo·

539 4047 542 4052 ’
632 4030 720 4119 11⁸4
1103 4038 1178 4095 ium
