2800 4567
267 293 332 372 1u
354 243 881 410 narrnm'un‘roo.
906 293 1021 373 arv.
1113 299 1180 371 161

127 457 462 554 Mopseraddttritiam
474 461 574 530 cordis
583 457 681 556 ueJiri
687 459 826 555 permisit
837 458 924 530 uobis
936 459 1099 530 dimittere
1108 483 1184 530 uxo

127 584 167 629 rer
178 555 308 654 epiros,
326 580 406 633 nam
422 559 515 650 quasi
528 580 598 652 pro
615 559 734 632 cordis
749 580 873 631 eorum
888 559 1018 631 duritie
1033 557 1068 630 id
1084 551 1184 632 infir·

127 660 371 754 nitatisgratia
385 657 553 752 scriptum
566 658 636 734 esta
664 659 796 754 Propter
807 658 1059 750 fornicationem
1076 676 1182 730 autem

127 766 337 856 enusquisque
361 758 603 848 suamnuxotem
636 758 770 841 debut,
812 758 851 834 u
875 783 1066 855 unaquaque
1086 761 1182 847 suum

127 859 377 942 tinniebant,
402 859 555 932 utillud:
589 861 690 929 Uxori
701 863 759 927 uir
771 857 906 929 debitum
922 857 1047 942 reddat3
1065 859 1181 952 imili-

127 973 168 1030 ter
188 975 294 1030 autrm
312 958 350 1035 di
372 984 452 1031 uxor
469 965 552 1031 uiro.
601 957 668 1032 His
693 957 814 1050 itaque
839 953 1079 1054 subjungitur:
1114 960 1183 1030 Hoc

127 1075 225 1131 tutem
249 1061 314 1129 dico
333 1057 501 1147 suendum
527 1059 776 1152 indulgentiam,
809 1082 874 1128 non
891 1059 1063 1149 suendum
1088 1063 1182 1154 impe·

127 1164 217 1230 rium.
271 1159 422 1257 Quin&
441 1159 548 1232 illud:
574 1158 702 1234 Mulier
723 1158 856 1252 alligata
880 1159 939 1254 epi,
963 1174 1084 1257 quanto
1103 1174 1182 1229 tem·

127 1281 189 1332 tore
207 1264 265 1330 vir
283 1263 348 1356 ejus
359 1263 470 1345 vivit‚·
489 1261 570 1356 qued
578 1259 605 1353 fi
618 1261 784 1330 dormierit
797 1265 852 1327 vir
865 1263 949 1354 ejus,
969 1258 1105 1330 liberata
1121 1257 1180 1356 est.

127 1366 169 1430 :ui
187 1359 282 1446 vult,
298 1357 423 1447 nuiat5
452 1375 580 1430 tontum
595 1365 631 1428 in
648 1364 802 1445 Domino,
827 1377 896 1451 pro
913 1357 1044 1431 duritie
1060 1357 1181 1432 cordis

127 1459 151 1532 tr
166 1455 372 1532 infirmitate
387 1459 484 1552 apud
499 1457 645 1532 Paulum
665 1459 770 1532 nobis
785 1458 932 1550 potiora
947 1457 1044 1530 dona
1059 1455 1199 1530 sedari·

127 1558 152 1632 u
174 1561 356 1632 beatiores
382 1555 473 1632 effici
495 1559 702 1634 nolentibus
728 1553 859 1632 ditium
879 1555 940 1630 est.
990 1555 1067 1652 Jam
1087 1578 1181 1630 vero

127 1674 250 1732 :ontra
267 1656 446 1752 scripture
460 1659 597 1754 legem,
621 1657 762 1733 mulieri
778 1658 929 1730 vivente
945 1655 1029 1730 viro
1043 1657 1182 1734 nubere

127 1759 260 1850 puidam
281 1755 437 1854 ecclesie
457 1757 615 1834 reiteres
636 1756 894 1851 permiserunt,
927 1770 1075 1852 agentes
1093 1776 1182 1830 con·

127 1877 175 1930 ra
189 1858 247 1948 id,
268 1855 365 1948 quod
382 1855 548 1949 scriptum
565 1857 634 1951 est,
652 1858 689 1931 in
708 1878 781 1949 quo
796 1857 843 1930 lic
858 1857 1027 1930 habetur:
1056 1856 1183 1928 Mulier

127 1959 250 2046 illippta
274 1956 334 2053 eli,
368 1963 489 2056 quinio
515 1973 647 2053 tempore
670 1963 728 2027 uir
752 1963 820 2054 ejus
844 1960 956 2046 vivit,
992 1955 1027 2028 δι
1052 1971 1183 2030 contra

130 2059 224 2130 uod:
265 2059 367 2150 igitur
388 2061 524 2130 vivente
541 2066 615 2127 viro
639 2059 754 2128 mulier
777 2057 943 2128 vocabitur
966 2055 1127 2143 adultera,
1149 2056 1181 2153 fi

127 2159 222 2228 luerit
241 2181 311 2228 cum
331 2157 394 2228 alio
409 2164 504 2243 virm·
529 2177 606 2230 non
626 2157 777 2230 omuino
798 2169 917 2229 tamen
931 2155 1003 2230 fine
1017 2156 1181 2244 ratione,

127 2279 194 2332 rec
214 2257 310 2330 enim
329 2270 456 2334 contra
476 2259 591 2353 legem
609 2259 714 2330 initio
733 2259 838 2330 latam
861 2253 1102 2347 descriptam,
1136 2254 1183 2327 ad

127 2357 266 2430 litanda
287 2356 431 2448 pejora,
458 2357 576 2430 alieno
596 2356 744 2432 arbitrio
767 2377 906 2430 morem
925 2367 1093 2450 gerentes
1115 2376 1182 2430 eos

127 2451 308 2531 rermifiss‘e
325 2455 513 2531 verisimile
532 2456 593 2532 est.

194 2578 253 2645 24.
281 2553 392 2632 Dicet
418 2576 511 2629 vero
537 2551 683 2630 fortasse
708 2553 875 2651 Judaicus
902 2551 1075 2646 quispiam
1102 2533 1183 2648 vir,
1303 2553 1308 2560 ’

127 2677 164 2730 ex
177 2655 243 2744 iis,
275 2656 334 2746 qui
359 2654 590 2748 sospitatoris
614 2653 727 2730 nostri
746 2654 913 2728 doiirinae
931 2647 1101 2749 refragari
1124 2674 1185 2728 au·

127 2757 228 2845 ient,
255 2753 371 2849 Jesum
397 2752 508 2847 ipsum
534 2777 615 2828 curn
642 2754 749 2828 dixit:
786 2759 915 2842 Omnis,
946 2759 1002 2850 qui
1027 2753 1183 2842 dimiserit

127 2880 250 2927 uxorem
269 2857 376 2944 suam,
400 2871 525 2950 excepta
541 2855 773 2946 fornicationis
788 2859 896 2941 caulo,
916 2850 1088 2944 faciteam
1109 2877 1184 2922 moe-

127 2959 230 3042 dari,
254 2952 480 3048 repudiandae
501 2955 625 3026 uxoris
643 2951 862 3045 potestatem·
883 2949 1003 3026 fecisse
1024 2949 1119 3028 haud
1134 2946 1185 3026 se·

127 3077 183 3129 :us
199 3075 243 3128 ac
262 3049 453 3145 Moysen,
480 3071 585 3145 quem
607 3073 675 3147 pro
694 3053 824 3126 duritie
844 3051 964 3126 cordis
989 3051 1116 3147 populi
1131 3053 1183 3126 le·

127 3177 198 3253 gem
220 3149 334 3226 tulilie
356 3153 465 3224 dixit:
491 3152 649 3226 &illudz
675 3155 766 3246 Quia
784 3152 965 3247 feditatem
987 3158 1025 3222 in
1039 3177 1075 3223 ea
1090 3157 1182 3223 inve·

127 3261 196 3348 rit,
220 3252 314 3326 idem
329 3249 399 3330 elie
416 3253 512 3325 dicet
528 3273 569 3326 ae
583 3245 836 3352 fornicationis
854 3249 1011 3343 causam,
1031 3266 1183 3345 propter

127 3375 226 3448 puem
240 3353 321 3444 jure
333 3349 459 3450 mulier
478 3354 594 3424 avito
611 3347 789 3448 repudiari
803 3351 925 3446 possut
952 3372 1078 3425 vorum
1096 3351 1184 3424 huic

127 3449 405 3546 espondendum
431 3449 503 3535 est,
529 3452 662 3526 etiamsi
689 3449 733 3524 'ex
751 3449 855 3548 Legis
873 3450 1043 3524 mandato
1057 3451 1185 3524 mulier

127 3551 285 3627 tdulterii
299 3571 360 3624 rea
378 3552 552 3643 lapidibus
571 3553 732 3625 necanda
750 3549 809 3637 sit,
828 3572 904 3624 non
920 3551 970 3623 ita
985 3547 1183 3626 foeditatem

127 3649 188 3728 elie
221 3651 510 3745 intelligendam
554 3672 623 3724 nec
648 3654 741 3726 enirn
769 3665 920 3744 propter
946 3649 1184 3743 adulterium,

127 3753 185 3826 uei.
197 3749 343 3824 similem
358 3751 508 3842 aliquam
526 3750 783 3843 turpitudinem
798 3750 939 3824 libellus
952 3748 1090 3842 repudii
1103 3748 1185 3820 stri·

127 3850 258 3927 sendus
277 3847 347 3930 est,
366 3847 559 3948 &coniugi
573 3852 609 3923 in
624 3872 747 3925 manus
763 3849 976 3937 tradendum
997 3843 1055 3920 sed
1070 3848 1183 3939 quod·

127 3953 210 4026 libet
223 3947 370 4023 forsitan
383 3965 592 4044 peccatum,
617 3949 815 4027 foeditatem
830 3943 1051 4046 -nuncupelie
1071 3947 1183 4040 Mop-

171 4055 319 4146 origeuir
347 4041 436 4124 Tire.
462 4051 532 4126 ΧΙ.
749 4047 784 4130 L
1050 4042 1160 4138 ierne
