2800 4567
282 346 347 424 tu
372 301 748 426 maturrimum
778 347 901 447 rou.
927 341 1044 430 xvr.
1128 350 1202 448 ,aa
1304 312 1309 326 ’

134 513 295 604 vientes,
305 511 537 608 tropologice
552 513 833 606 explicavimus,
856 523 1031 605 quatenus
1047 533 1124 588 eam
1138 513 1208 589 fui·

133 634 216 690 mus
233 611 395 696 alleuati:
422 610 482 683 se'd
509 613 676 702 quoniam
700 610 806 685 series
829 612 1006 706 postulat,
1033 627 1075 686 ut
1090 615 1207 689 dera-

133 716 202 788 bus
217 711 409 808 propositis
423 710 615 785 secundum
629 711 794 786 Matthaei
810 714 1051 787 narrationem
1068 712 1207 804 diilera·

132 833 233 905 mua,
258 812 436 895 invocato
461 810 637 904 sapientia
653 810 974 907 Patre,..agedum,
1001 834 1043 888 an
1071 813 1205 905 aliquid
1295 899 1297 903 ,

131 912 258 987 audaci
273 910 355 1008 Jeiu
372 910 535 984 facinore
553 911 696 1006 dignum
714 914 772 984 bic
787 912 953 1003 poffimus
968 911 1200 1006 depromere,

134 1013 334 1087 videamus.
387 1008 444 1082 Ac
468 1013 639 1103 primum,
667 1012 833 1100 quidnam
853 1013 897 1086 fit
918 1012 1006 1084 illud
1025 1012 1097 1085 Dei
1117 1026 1206 1086 tem·

134 1114 256 1209 plum,
282 1110 471 1184 dicendum
487 1110 558 1202 est,
585 1111 683 1201 quod
710 1111 904 1207 agnoscens
931 1111 1033 1185 Deua
1057 1113 1095 1185 in
1116 1111 1205 1185 Pro·

134 1214 246 1306 pheta
260 1210 368 1282 dixit:
399 1214 518 1281 Domus
535 1235 601 1282 mec
617 1212 721 1280 damur
740 1217 896 1283 orationis
912 1212 1086 1287 vacabitur.
1119 1211 1206 1309 Jux-

135 1329 173 1384 ta
193 1309 495 1383 circumcilionem
514 1309 810 1405 ergosecundum
831 1329 991 1398 carnem,
1019 1311 1204 1407 &corpo-

134 1413 220 1484 ralia
235 1412 322 1505 legis
339 1408 425 1482 festa
439 1430 479 1481 ac
496 1407 684 1503 sacrificia,
711 1413 884 1503 templum
896 1411 970 1483 ‘Dei
986 1409 1206 1486 existimaba-

135 1524 195 1583 tur
213 1509 283 1581 ella
300 1507 484 1601 opificium
499 1510 585 1581 illud
602 1533 622 1581 e
638 1510 812 1603 lapidibus
828 1509 943 1583 sensus
961 1512 1168 1603 expertibus
1184 1530 1206 1584 a
1318 1571 1322 1584 .

135 1610 333 1683 Salomone
349 1609 499 1703 primum
519 1609 781 1702 construtlum,
808 1611 852 1683 ab
868 1608 978 1683 Esdra
998 1611 1128 1683 deinde
1147 1628 1205 1683 re·

135 1708 347 1799 stauratum,
373 1723 410 1780 at
424 1707 505 1800 post
518 1711 802 1782 incarnationem
821 1708 901 1803 Jesu
917 1732 936 1781 a
954 1709 1125 1783 Romanis
1143 1708 1204 1783 de·

135 1831 232 1886 mum
259 1808 434 1896 dirutum3
462 1808 496 1879 dr
514 1810 591 1882 haec
609 1810 736 1884 domus
751 1810 927 1883 orationis
945 1807 1015 1883 else
1031 1808 1203 1882 credeba-

136 1924 217 1998 tur,
245 1927 318 2002 quo
345 1906 473 1980 euerso
500 1907 666 2003 Judaeos,
691 1921 825 2000 utpote
850 1910 997 2001 domum
1024 1908 1203 1982 orationis

133 2008 298 2106 jamnon
318 2010 467 2100 amplius
481 2008 676 2096 habentes,
703 2010 928 2105 privilegium
950 2008 1072 2082 itidem
1089 2007 1207 2082 vilita-

138 2109 253 2184 tionis
270 2107 341 2181 Dei
357 2109 429 2200 jam
444 2109 593 2202 amplius
609 2129 685 2182 nou
703 2107 861 2181 habuilie
874 2107 1070 2180 neceffario
1085 2107 1207 2180 dicen-

140 2211 224 2284 dum
244 2206 314 2296 est3
364 2229 413 2279 uo
432 2207 501 2280 irui
521 2208 761 2282 credebantur
776 2209 988 2303 privilegio,
1011 2220 1208 2302 propterea

139 2307 240 2404 quod
264 2307 301 2380 in
329 2229 503 2380 diationis
527 2306 639 2382 domo
661 2313 838 2399 orabant,
869 2306 1057 2404 postquam
1081 2306 1205 2404 legalia

139 2410 259 2481 cuitus
276 2408 397 2481 munia
418 2407 596 2481 obierant.
648 2406 851 2506 sospitator
864 2427 959 2480 vero
974 2404 1118 2499 noster,
1145 2406 1225 2499 qui·

141 2505 321 2583 actionum
346 2506 483 2580 suarum
509 2505 714 2599 spiritalium
740 2508 902 2600 symbola
929 2505 1062 2598 edidit,
1088 2527 1134 2581 ex
1159 2519 1209 2579 eo

139 2608 282 2701 templo
297 2605 500 2680 vendentes
516 2608 726 2682 &ementes
742 2607 982 2702 corporaliter
997 2606 1210 2685 detumuit.

137 2707 424 2783 numulariorum
438 2703 594 2800 mensas,
621 2706 864 2780 &cathedras
888 2706 1123 2778 vendentium
1145 2724 1209 2777 co·

136 2808 277 2885 tumbas
295 2809 488 2897 everterit,
515 2805 563 2896 dr,
580 2825 660 2895 quae
674 2803 803 2895 scripta
818 2818 964 2895 extant,
985 2806 1133 2890 dixerit,
1160 2802 1206 2878 ad

139 2897 416 2983 couversionem
440 2903 620 2997 praesentis
642 2918 718 2978 tum
740 2903 839 2978 forte
861 2904 1009 2993 populi,
1036 2903 1095 2995 qui
1122 2915 1206 2976 cm

141 3004 294 3085 ianuam
312 3003 544 3078 festivitatem
562 3006 598 3076 iu
616 3004 763 3078 nomine
781 3003 854 3076 Dei
875 3004 1057 3076 celebrare
1075 2999 1213 3076 debuis-

143 3105 219 3197 set,
244 3104 530 3191 venditionibus,
539 3105 854 3198 emptionibusque
871 3121 948 3176 non
960 3104 997 3175 iu
1013 3105 1100 3175 loco
1120 3104 1212 3195 ejus·

143 3204 245 3283 modi
268 3205 375 3278 rebus
398 3204 558 3294 idoneo,
583 3201 642 3276 sed
659 3204 696 3275 in
714 3203 852 3295 templo
867 3203 1038 3276 vacabat:
1063 3202 1122 3275 hic
1147 3199 1211 3275 ubi

143 3307 272 3379 coiens
287 3317 456 3394 tanquam
473 3305 509 3374 in
523 3303 698 3376 orationis
719 3302 832 3377 domo
846 3301 1145 3390 oraredebebat3
1172 3314 1211 3374 at

141 3425 202 3482 rea
218 3405 379 3477 orationi
394 3403 592 3484 contrarias
605 3403 752 3498 agebat,
778 3401 872 3476 haud
887 3398 1018 3493 -secua,
1045 3421 1087 3473 ac
1106 3402 1144 3475 in
1161 3400 1213 3474 di·
1260 3431 1264 3442 ·

146 3519 228 3578 cata
246 3503 419 3577 mercatui
435 3503 546 3576 domo
563 3506 729 3576 vendens
746 3520 788 3573 ac
804 3519 940 3592 emens,
949 3499 1118 3596 pecunias
1133 3520 1215 3594 par·

145 3618 309 3694 murana,
344 3602 441 3676 &in
454 3601 645 3675 cathedris
671 3601 939 3676 vendendarum
967 3602 1216 3674 columbarum

146 3706 260 3802 gratia
284 3701 424 3776 sedena:
450 3699 655 3794 Judaeorum
681 3713 802 3776 autem
824 3699 996 3773 facinoris
1016 3699 1215 3776 feditatem

146 3820 239 3880 tunc
258 3800 358 3898 Jelua
376 3800 579 3892 abstulerit,
606 3800 750 3892 quando
764 3801 993 3898 negotiantes
1009 3819 1098 3893 eoa,
1123 3799 1158 3870 dr
1175 3799 1216 3873 in

148 3923 347 3997 corporeas
362 3902 509 3976 deliciae
521 3901 557 3974 se
573 3899 824 3992 effundentes,
850 3920 930 3975 cum
943 3900 1046 3993 iuxta
1061 3893 1217 3994 prascrl·

149 4019 254 4104 ptum
269 4003 358 4103 legis
375 4000 503 4078 festum
517 4001 699 4077 celebrare
714 3997 933 4082 debullieam
951 3997 1197 4164 reprehendit.
