2800 4567
341 285 418 416 'IN
433 271 818 366 λΜΛΤΤΗὲΈῑῙΜ
847 273 969 368 Tora
993 284 1105 367 XVI.
1193 310 1265 392 359

190 450 343 546 scriptus
360 451 437 526 esto
449 454 555 527 loeus
572 451 654 526 iste:
681 474 759 547 qua
775 466 893 527 autem
910 439 1066 527 subaexa
1085 453 1178 546 sunt,
1195 454 1260 528 ini·

189 555 281 626 tium
304 554 390 636 dent
417 554 518 628 alteri
545 555 733 646 membro,
767 572 815 627 ne
837 573 964 630 eorum
991 555 1259 647 interpretatio-

185 672 272 727 nem
301 674 382 728 curn
406 651 647 749 superioribus
677 651 897 728 connebteos
928 653 1053 750 aliquis
1085 653 1252 747 disquire-

185 774 227 825 re
244 770 413 850 cogatur,
427 756 639 846 ecquidnam
655 755 716 829 nbi
732 754 896 828 nonnulla
912 776 933 828 e
953 756 1090 848 templo
1105 753 1175 827 Dei
1193 753 1253 828 de·
1274 843 1277 847 β

184 853 328 928 turbati
335 855 473 944 veiint,
500 855 578 945 qui,
596 855 693 947 quod
709 853 854 928 domum
873 854 1049 927 orationis
1068 855 1251 931 latronum

182 950 387 1046 speluncam
402 952 612 1049 effecerint,
638 954 762 1028 verbis
780 953 936 1048 castigati
952 952 1041 1026 suot.
1069 955 1153 1027 Noc
1170 953 1252 1030 sane

183 1053 319 1143 video,
344 1059 531 1149 quomodo
559 1074 705 1145 eorum,
733 1073 810 1145 quae
835 1051 1015 1145 subjuntta
1040 1051 1138 1145 sunt,
1166 1074 1249 1128 cum

180 1153 374 1246 proposrto
391 1154 506 1226 ioco
497 1168 680 1250 mtegram
688 1154 943 1227 cohaerentiam
961 1155 1054 1228 tueri
1070 1156 1147 1245 quis
1169 1154 1249 1245 pos·

180 1252 245 1344 fit,
271 1253 404 1328 etiamfi
421 1252 578 1340 summa
569 1276 605 1329 m
619 1253 656 1328 id
674 1275 746 1348 ope
763 1254 919 1344 nitatur,
944 1256 1016 1346 ita,
1032 1265 1072 1326 ut
1085 1252 1247 1349 superio·

180 1352 281 1426 ribus
307 1354 375 1425 iliis
401 1351 658 1446 respondeant.
699 1356 807 1426 Gaude
831 1357 1034 1425 vehementer
1050 1351 1105 1440 fil
1094 1382 1126 1423 ao
1152 1356 1259 1428 Sion..

179 1439 305 1570 Hujus·
319 1451 554 1527 deindeloci:
585 1456 795 1546 Ostannafilio
816 1456 946 1527 David:
972 1454 1162 1526 BenediHus
1163 1458 1247 1551 ,qui

162 1558 275 1621 nenia
293 1559 330 1622 in
346 1560 649 1626 nomineDomini.
673 1556 836 1639 Osanna
824 1580 861 1625 an
879 1552 1060 1647 oiriffimis,
1085 1568 1243 1629 mentem

178 1652 467 1729 examinabimus.
518 1655 562 1727 ld
581 1652 766 1748 profeitm
793 1653 997 1742 Benediiius,
1021 1660 1077 1749 qui
1093 1661 1189 1725 venit
1206 1660 1245 1724 in

176 1757 304 1822 nomino
330 1756 480 1852 Domini,
503 1755 638 1834 iisdem
672 1771 893 1849 conceptum
926 1756 1047 1827 verbis
1081 1767 1181 1825 extat
1205 1755 1244 1827 in

175 1849 333 1945 psalmo,
360 1856 419 1945 qui
440 1851 621 1946 psalmum
626 1851 892 1947 prolixiffimum
916 1852 1107 1947 precedit,
1135 1873 1242 1943 quem

180 1954 397 2046 exemplaria
421 1955 579 2052 quedam
605 1953 835 2028 centesimum
860 1955 1036 2028 decimum
1056 1953 1243 2046 septimum

175 2048 246 2125 ene
262 2053 462 2144 perhibent.
522 2043 619 2155 Quo
629 2069 747 2144 autem
764 2075 860 2147 pro
849 2075 915 2127 eo.
947 2057 1081 2124 Domine
1091 2054 1245 2150 ‚solvan

173 2176 223 2224 me
233 2151 312 2245 foc,
345 2154 527 2227 collocata
555 2149 635 2228 sunt
658 2167 741 2227 ante
767 2156 843 2226 haec
867 2154 998 2227 verba:
1032 2150 1240 2240 Romanius,

174 2257 233 2350 qui
248 2255 344 2325 venit
365 2261 401 2323 in
415 2261 540 2324 nomine
561 2254 711 2338 Domini,
743 2254 959 2326 Hebraico
948 2274 985 2325 an
1011 2253 1071 2324 iis·
1107 2254 1238 2339 Osanna

165 2355 241 2447 filio
260 2355 391 2441 navia,
413 2355 534 2447 jacere
548 2355 635 2428 mihi
648 2355 839 2428 videntur:
864 2353 912 2430 fic
931 2368 1051 2426 autem
1073 2349 1238 2426 sehabet

174 2467 372 2528 contextus
393 2455 615 2530 Hebraicus.
647 2459 747 2528 Anno
773 2454 899 2527 Adonai
927 2450 1101 2548 oseinoon.
1137 2457 1240 2525 Aona

171 2555 385 2642 Adanaiofiar'.
412 2558 511 2626 Anna
525 2555 763 2644 Barucirabbub
775 2554 858 2643 soim
873 2554 1009 2634 Adonai.
1060 2551 1238 2627 Praeterea

168 2672 264 2725 vero
279 2656 464 2749 evangelia
478 2677 496 2726 a
511 2651 644 2727 Graecis
660 2653 796 2744 diatoni
814 2655 940 2749 ignaria
953 2653 1161 2746 frequenter
1175 2674 1235 2725 ex·

168 2752 322 2845 scripta,
348 2753 421 2826 hoc
440 2756 527 2827 ioco
545 2752 898 2848 esupra'meraorato
916 2752 1049 2846 psalmo
1067 2752 1233 2843 deprom-

168 2865 238 2947 pto
265 2869 437 2946 corrupta
458 2851 558 2927 iuiffe
576 2853 750 2928 existimo.
787 2851 962 2949 Quodsi
988 2854 1110 2923 locum
1135 2852 1233 2923 hunc

169 2951 374 3045 expendere
391 2955 505 3045 velia,
532 2952 613 3026 audi
626 2951 793 3045 Aquilam
811 2971 894 3025 eum
906 2951 957 3026 ita
972 2966 1232 3043 exponentem.

174 3058 203 3123 0
222 3056 358 3126 Damone
360 3053 510 3142 ,fotinum
529 3078 575 3124 naa
586 3051 655 3146 sac.
695 3058 723 3122 0
745 3051 927 3139 Domine,'‘
907 3075 976 3149 jaan
992 3053 1234 3147 beneprofpera·

166 3143 212 3226 re.
238 3149 444 3240 nonninus,
456 3157 668 3250 quivenitin
685 3157 811 3222 nomine
832 3155 978 3225 Domini
1027 3150 1104 3243 Jam
1120 3172 1240 3244 vero,¹

168 3273 247 3344 quae
262 3250 344 3325 sunt
356 3254 460 3344 hujus
476 3254 572 3345 ioci,
596 3255 635 3327 in
650 3273 763 3345 pauca
783 3251 1059 3340 contrahamus,
1085 3249 1118 3321 u
1137 3252 1231 3323 dica·

165 3371 259 3446 mus,
280 3351 356 3430 five
371 3351 516 3428 Petrum
534 3306 572 3426 &⁹
584 3351 753 3438 Panium,
779 3349 853 3425 five
869 3351 943 3424 duo
961 3349 1150 3422 donorum
1171 3371 1230 3446 ge·
1233 3357 1238 3366 '
1296 3437 1299 3446 Ι

168 3471 278 3544 nera,
303 3450 489 3568 postquam
513 3451 785 3543 circumcisos,
793 3451 902 3542 &qui
919 3451 1132 3545 praeputium
1155 3467 1237 3523 non·

166 3550 471 3646 deposuerunt,
458 3567 562 3645 Juxta
581 3553 787 3627 mandatum
805 3548 887 3647 Jesu
905 3550 1059 3623 vinculis
1078 3551 1231 3623 exolve-

163 3666 271 3741 runt,
297 3673 361 3726 eos
385 3652 545 3746 ornasse,
571 3653 606 3725 δὲ
626 3652 672 3725 ad
685 3652 893 3726 vehendum
906 3651 1073 3724 Verbum
1086 3649 1229 3743 Jeraso

161 3754 296 3844 lymam
313 3750 504 3832 ascendens
522 3753 692 3828 decentet
703 3742 924 3840 instruxiffe3
953 3749 987 3823 δι
1005 3750 1228 3843 reliquorum

159 3871 275 3966 porro
289 3872 359 3924 una
374 3850 568 3946 eademque
587 3851 657 3925 erit
672 3851 889 3944 explicati03
917 3865 954 3923 at
965 3850 1068 3942 juxta
1080 3852 1227 3921 alteram

160 3951 523 4049 interpretationem,
548 3949 650 4026 inter
669 3971 761 4046 eos,
787 3947 848 4046 qui
871 3947 989 4050 Jesum
1014 3947 1228 4043 suscipiunt,

638 4048 719 4144 Z4
787 4105 798 4110 -
852 4133 856 4141 ¹
1043 4048 1188 4143 ipimue
